3192 4902
709 246 920 323 -12-

216 416 356 490 Iooorum
385 450 505 491 sensum
535 423 741 490 ἀνθίστασθαι
764 429 1069 508 optime'oonveniat.
1114 429 1212 496 Quare
1242 453 1302 491 non
1333 453 1404 495 casu

220 532 343 593 videtur
366 532 518 606 aooidisse,
550 536 629 614 quod
657 534 690 592 in
720 534 872 612 prioribus
902 538 1044 614 quattuor
1069 534 1155 594 libris
1177 556 1239 595 non
1260 536 1304 595 ita
1325 557 1404 610 raro,

220 635 252 694 in
276 637 493 715 posterioribus
517 639 610 697 semel
633 631 710 714 ἀλκή
732 637 853 713 legitur,
884 639 936 698 sed
959 659 1008 711 eo,
1040 639 1120 717 quod
1142 637 1224 698 intra
1245 639 1321 699 illud
1343 661 1403 720 quo

222 739 407 818 Thuoydidis
429 761 504 818 opus
521 741 720 816 compositum
742 745 789 800 est
810 740 955 819 temporis
979 741 1109 819 spatium
1133 741 1280 801 dialeotus
1303 743 1404 803 Attica

221 841 315 916 magis
337 843 493 922 magisque
516 843 725 920 explicabatur
747 848 779 903 et
799 842 1020 922 perficiebatur.

307 980 494 1040 Vocabulum
511 976 635 1038 ἆνοκω
646 974 689 1056 μή
703 980 731 1058 1)
747 1007 790 1031 =
804 980 918 1055 dilatio,
935 1001 994 1061 quo
1010 1003 1081 1041 usus
1093 981 1284 1060 Thucydides
1300 1003 1316 1041 a
1332 983 1404 1042 Dio·

221 1103 288 1162 nys.
310 1084 379 1145 HaI.
402 1083 490 1161 epist.
513 1084 554 1143 II.
578 1085 706 1143 ad'Am.
731 1104 755 1143 o.
780 1090 797 1142 3
829 1084 1022 1163 vituperatur
1051 1085 1084 1143 id
1113 1089 1292 1145 numerante
1322 1085 1404 1144 inter
1435 1112 1438 1117 ·

221 1178 447 1264 γλωσσηματικοὶ
475 1191 507 1247 et
528 1178 758 1266 ἀπηρχαιωμένα
787 1191 817 1246 et
847 1185 1024 1245 δυσείκαστα
1054 1190 1114 1256 τοῖς
1145 1189 1274 1258 πολλοῖς,
1304 1188 1403 1266 ipsum

222 1289 343 1367 quidem
367 1290 446 1368 apud
465 1289 578 1351 Herod.
600 1310 660 1349 non
683 1289 843 1367 reperitur,
866 1295 967 1349 tamen
991 1282 1186 1366 οἶνοκωχεύειν
1207 1318 1250 1341 --
1272 1291 1403 1350 retinere

222 1395 322 1451 exstat
344 1393 405 1451 VII
429 1398 478 1464 36,
503 1397 535 1452 8:
562 1389 612 1450 ἵνα
635 1386 808 1475 ιἰνοκωχεύμ
832 1414 871 1454 so.
895 1385 915 1468 ἡ
937 1389 1054 1471 γέφυρα
1077 1414 1100 1452 s.
1124 1392 1222 1470 σχεδίη
1245 1387 1295 1452 τὸν
1318 1387 1405 1451 τόνον

221 1495 281 1552 τῶν
304 1488 413 1552 ὅπλων.
446 1496 506 1555 VII
532 1501 601 1568 100,
628 1501 675 1555 12.
703 1501 770 1569 116,
797 1501 823 1555 8.
849 1501 917 1566 168,
947 1501 982 1554 13
1016 1497 1066 1555 IX
1090 1501 1139 1570 13,
1164 1501 1193 1556 4.
1226 1496 1402 1574 AddeHip·

221 1617 303 1675 poor.
326 1599 362 1657 de
385 1597 469 1658 artie.
492 1600 552 1660 vol.
575 1599 698 1658 XXIII.
722 1619 751 1674 p.
771 1605 840 1657 148.
863 1600 915 1672 in,
939 1621 967 1676 p.
986 1604 1054 1658 188.
1070 1601 1158 1673 med,
1183 1601 1275 1677 Soph.
1291 1600 1403 1658 Eleotr.

224 1701 285 1760 732
304 1701 367 1779 (D).
390 1735 432 1744 —-
454 1699 645 1780 Thuoydides
669 1696 807 1778 ἄνοκωχι)
829 1705 922 1762 habet
944 1702 1129 1775 1v117,1:
1152 1698 1311 1780 γενομένης
1334 1693 1402 1758 rivo-

222 1805 319 1879 κωχῆς
341 1805 442 1862 κακῶν
463 1801 513 1862 καὶ
537 1804 744 1881 ταλαιπωρίας.
785 1805 861 1864 VIII
886 1805 935 1878 87,
959 1810 987 1864 4.
1032 1805 1177 1864 Plurimis
1208 1810 1306 1865 autem
1328 1804 1403 1864 Ioois

222 1906 394 1981 angustiore
418 1928 505 1967 sensu
528 1907 643 1966 dietum
666 1912 712 1966 est
733 1907 778 1966 ita
801 1912 835 1966 ut
857 1909 959 1968 valeat
981 1907 1153 1981 ,indutiae‘r
1176 1911 1193 1966 Ι
1216 1913 1266 1980 40,
1285 1913 1321 1966 4:
1345 1907 1403 1964 Ko-

223 2008 354 2086 ρινθίοις
383 2005 437 2084 μέν
466 2029 498 2088 γε
521 2007 680 2068 ένοκονὸοί
703 2008 775 2081 ἕστε,
809 2010 1012 2088 Κορκυραίοις
1038 2005 1069 2068 di
1092 2001 1163 2068 οὐδέ
1186 2003 1224 2068 δι’
1248 2003 1404 2085 οἶνοκωχῆς

223 2104 335 2169 πώποτ’
363 2107 505 2190 ἐγένεσθε.
550 2115 646 2172 166:
679 2106 715 2170 οὗ
749 2109 850 2187 μέντοι
880 2106 897 2171 t
928 2132 959 2191 γε
989 2106 1117 2187 πόλεμός
1146 2134 1193 2172 κω
1217 2106 1403 2192 ξυνερροέγει,

223 2207 278 2270 ἀλλ’
306 2211 347 2272 ἔτι
370 2208 508 2290 ἆνοκοιχι)
523 2203 571 2290 ἦν.
604 2215 653 2273 III
677 2220 704 2285 4,
730 2220 747 2272 4
782 2217 826 2276 IV
850 2221 900 2288 38,
925 2221 937 2273 1
976 2217 1001 2272 V
1025 2221 1074 2288 25,
1100 2221 1127 2275 3.
1153 2221 1202 2291 26,
1228 2222 1244 2273 3
1269 2217 1403 2293 (of.§2:

223 2309 277 2391 τήν
307 2310 356 2375 dmi
386 2313 479 2392 μέσον
511 2313 670 2395 ξύμβασιν)
705 2325 754 2391 32,
779 2318 806 2378 7.
830 2353 872 2361 -
903 2320 928 2376 Ε
958 2317 1176 2378 reoentioribus
1204 2319 1400 2398 soriptoribus

224 2421 396 2496 Stephanus
418 2420 450 2478 in
467 2421 544 2480 thes.
568 2425 599 2480 et
613 2421 747 2481 Pierson.
764 2423 802 2480 ad
818 2423 910 2481 Moer.
927 2442 956 2499 p.
974 2427 1022 2478 86.
1046 2422 1184 2499 exempla
1199 2423 1401 2482 contulerunt.

309 2559 345 2615 In
358 2578 432 2618 vooe
449 2550 720 2636 οἶντικόλεμος,
735 2579 810 2638 quae
827 2560 905 2636 apud
921 2557 1125 2635 Thucydidem
1138 2559 1250 2633 11190,
1263 2564 1277 2617 1
1294 2563 1402 2632 exstat,

223 2661 333 2720 Pollux
355 2663 429 2721 adeo
453 2661 587 2735 offendit,
609 2666 644 2721 ut
665 2664 690 2722 1.
719 2667 777 2720 160
801 2662 1005 2740 praeeiperet:
1037 2657 1129 2739 λέγειν
1159 2656 1191 2719 δὲ
1220 2655 1275 2740 χρὴ
1300 2658 1402 2739 ἐχθροί

223 2759 388 2840 ,κολέμιοιῆ
432 2757 464 2822 roi
489 2757 544 2843 γᾶρ
568 2765 626 2822 τῶν
650 2757 853 2839 ἀντιπολέμων
868 2756 973 2838 ὄνομα,
997 2761 1024 2821 εἰ
1042 2759 1093 2821 καὶ
1108 2762 1298 2840 Θουκυδίδης
1320 2758 1403 2844 αὐτῷ

222 2861 368 2944 κέχρηται,
384 2859 511 2946 σκληρόν
528 2864 597 2937 ἐστι,
621 2863 736 2942 βέλτιον
752 2861 779 2924 d'
801 2858 1070 2940 οἷντικολεμοῦντες.
1108 2865 1196 2930 Quod
1211 2887 1271 2926 non
1288 2872 1401 2926 temere

148 2985 150 2990 ’
223 2967 352 3042 diotum3
375 2988 472 3048 neque
496 2969 576 3029 enim
600 2990 724 3049 usquam
749 2962 944 3044 ἆντικόλεμος
955 2969 982 3044 2)
999 2974 1045 3029 est
1059 2969 1119 3028 nisi
1135 2971 1214 3045 apud
1229 2970 1342 3029 Herod.
1357 2969 1402 3028 IV

227 3077 295 3143 134,
320 3071 346 3129 7.
374 3077 441 3144 140,
468 3077 504 3131 10
539 3074 688 3146 1711226,
715 3074 750 3131 17
776 3072 840 3149 (ubi
862 3071 1098 3148 v.Abiohtium)
1121 3073 1199 3133 VIII
1217 3078 1256 3131 68
1273 3070 1301 3147 β,
1332 3078 1349 3129 2
1374 3076 1405 3130 et

223 3175 302 3252 apud
336 3174 496 3252 seriptores
528 3176 718 3255 posteriores,
747 3176 872 3254 Dionys.
906 3177 986 3248 Hal„
1015 3175 1142 3249 Aeliam,
1165 3177 1245 3235 Cass.
1268 3174 1402 3245 Dion.3).

223 3277 333 3337 Melius
357 3282 456 3336 autem
480 3299 514 3338 eo
537 3281 588 3340 vel
614 3280 715 3357 potius
740 3281 820 3356 apud
834 3278 953 3338 Atticos
975 3278 1117 3338 usitatius
1141 3272 1402 3353 ἀντικολεμοῦντες

224 3400 289 3440 esse
319 3381 396 3440 Plat.
421 3381 506 3440 eriri.
523 3404 552 3460 p.
579 3387 638 3441 112
662 3385 696 3441 Ε.
721 3383 800 3442 Xon.
824 3382 892 3460 Gyr.
918 3382 978 3442 VII
1003 3389 1030 3454 2,
1056 3386 1095 3440 24
1120 3381 1306 3440 confirmant.

309 3492 541 3580 Ἐκαύρεσις
563 3504 740 3564 vocabulum
764 3504 857 3562 Thuo.
881 3503 914 3560 II
938 3508 986 3575 53,
1012 3508 1028 3560 2
1058 3500 1174 3578 ταχείας
1202 3493 1256 3570 τας
1279 3496 1402 3577 ἕκανρέ·

224 3619 283 3672 σοις
304 3600 355 3661 καὶ
377 3597 453 3684 κρὸς
475 3597 507 3663 τό
531 3599 656 3685 τερκνὸν
678 3600 783 3682 ἠξίουν
806 3608 957 3664 ποιεῖσθαι
980 3610 1011 3665 et
1033 3610 1158 3684 propter
1172 3606 1315 3677 Iocorum,
1338 3602 1404 3683 qui·

226 3759 260 3766 ...-

294 3842 319 3905 1)
337 3836 465 3910 α’νοκωχή,
478 3860 527 3892 non
540 3839 664 3911 οἷνακωχτ)
680 3845 838 3893 scribendum
853 3860 907 3894 esse
920 3844 989 3892 Stahl
1001 3844 1110 3902 ,Quaest
1124 3846 1170 3904 gr.‘
1182 3845 1194 3877 ⁹
1206 3858 1231 3903 p.
1240 3845 1273 3892 43
1293 3858 1312 3890 s.
1323 3842 1403 3890 evicit.

293 3928 318 3993 2)
337 3931 452 3977 Formam
476 3921 657 3993 ἄντιπόλεμος,
683 3945 727 3991 pro
752 3946 800 3990 qua
824 3931 920 3978 codices
938 3929 1091 3989 Thucydidei
1109 3943 1209 3985 omnes.
1237 3928 1308 3975 oodd.
1326 3928 1405 3974 Hero-

224 4017 471 4066 (1014110134140
489 4021 588 4076 praetor
605 4017 627 4062 R
646 4031 730 4063 omnes
748 4009 921 4079 ἀντιπολέμιος
939 4014 1062 4072 exhibent,
1076 4018 1100 4061 et
1118 4014 1148 4060 ad
1167 4013 1229 4062 Poll.
1249 4015 1265 4059 l.
1285 4014 1301 4059 1.
1320 4018 1344 4060 ot
1356 4014 1405 4060 Ha·

224 4103 303 4161 sychii
322 4109 418 4150 notam:
445 4087 637 4164 ἅντιπολέμοος·
665 4098 798 4165 πολεμίους
816 4108 841 4149 ot
858 4101 978 4148 librorum
997 4100 1192 4146 Herodoteorum
1211 4099 1258 4144 VII
1277 4103 1326 4148 288
1346 4099 1407 4145 VIII

225 4191 257 4237 68
276 4202 431 4248 eonsensum,
449 4189 474 4235 ni
492 4187 573 4247 fallor,
593 4187 662 4236 Stahl
680 4193 704 4234 et
720 4187 827 4234 Bredov.
846 4203 870 4248 p.
885 4189 917 4236 67
935 4188 988 4233 iure
1006 4186 1173 4234 restituerunt.
1209 4186 1248 4234 01.
1266 4185 1356 4236 Bashr.
1375 4185 1406 4232 ad

224 4275 318 4320 Herod.
336 4276 372 4322 IV
392 4276 447 4323 1³4.

296 4357 322 4426 3)
340 4360 368 4408 V.
388 4360 467 4410 Stura.
486 4359 518 4407 ad
537 4359 607 4410 Cass.
625 4360 657 4408 D.
675 4357 783 4405 XXXVI
802 4361 843 4422 20,
860 4359 877 4412 4
894 4356 968 4411 Dind.
