3192 4902
676 200 887 272 mua..-

193 377 341 461 suspiocr,
381 377 417 443 da
448 382 564 457 integro
595 381 764 461 inquirere,
804 386 987 462 quantopere
1021 381 1233 457 increbruerit,
1270 399 1371 461 super-

192 488 289 549 sedeo.

190 591 325 649 Eundem
362 590 399 648 ob
429 607 544 647 causam
576 589 779 667 quaestionem
809 588 974 648 instaurare
1008 589 1092 660 nolo,
1124 594 1224 649 utrum
1254 590 1373 650 Goeller

191 695 260 770 (aot.
283 692 388 772 philol.
411 693 525 753 Monac.
549 692 590 751 11.
610 698 636 750 3.
653 713 682 768 p.
699 692 782 770 341.)
806 692 917 770 aliique
939 691 998 752 viri
1021 692 1100 752 docti
1122 694 1214 752 Thuc.
1237 694 1264 750 V
1279 697 1331 766 49,
1355 697 1368 750 1

191 796 235 854 VI
259 799 309 869 61,
333 800 350 854 5
375 796 454 868 σφᾶς
476 795 682 873 pronomenl)
710 795 742 853 iu
765 794 963 871 suspicionem
985 795 1049 854 iure
1072 795 1246 857 vocaverint
1269 815 1373 856 necne.

277 898 375 972 Pergo
398 899 434 956 ed
457 898 633 974 pronomina
655 890 716 969 ὅδε,
740 890 872 967 τοσόσδε,
896 891 1020 956 τοιόσδε.

276 1003 323 1060 Ex
346 1001 455 1060 Atticis
485 1000 681 1077 scriptoribus
709 1020 829 1076 prosae.
843 998 987 1060 orationis
1009 1001 1161 1062 veteribus
1184 999 1373 1079 Thucydides

191 1124 284 1183 aeque
307 1109 397 1182 atque
418 1103 589 1162 Herodotus
612 1123 671 1162 nou
693 1103 836 1163 discernit
858 1103 937 1162 inter
959 1105 1134 1181 pronomina
1157 1096 1208 1162 ὅδε
1226 1110 1257 1162 et
1273 1089 1371 1178 οὗτος,

190 1200 305 1266 τοιόσδε
328 1212 359 1267 et
380 1206 530 1280 τοιοῦτος,
558 1198 680 1265 τοσόσδε
707 1212 737 1265 21
759 1205 910 1275 τοσοῦτος.
940 1208 1018 1266 ‘Non
1050 1227 1115 1266 raro
1146 1207 1225 1266 enim
1257 1209 1294 1265 ab
1316 1207 1374 1280 his,

190 1310 339 1369 rarissime
362 1312 399 1370 ab
421 1309 483 1367 illis
506 1302 565 1380 ὅδε,
589 1302 714 1383 τοιόσδε,
737 1302 860 1368 τοσόσδε
882 1311 920 1369 ad
934 1310 1140 1369 antecedentia
1154 1307 1372 1385 referuntur2).

191 1413 277 1476 Quod
300 1412 473 1490 priusquam
496 1412 641 1487 exemplis
663 1413 831 1487 probemus,
847 1432 951 1472 moneo
968 1413 1171 1489 Thucydidem
1186 1413 1372 1489 potissimum

190 1517 222 1574 in
251 1515 436 1576 orationibus
467 1534 630 1591 pronomen
663 1508 714 1574 ὅδε
744 1516 781 1574 ad
810 1534 981 1592 praegressa
1009 1515 1162 1575 rettulisse
1176 1516 1213 1592 ³).
1259 1514 1373 1577 Quibus

191 1619 262 1678 locis
294 1637 360 1677 oum
390 1617 533 1677 sermonis
565 1617 719 1677 alacritate
748 1623 778 1676 et
805 1617 987 1691 mobilitate,
1018 1619 1149 1694 corporis
1172 1637 1374 1696 manuumque

191 1727 276 1796 gestu
299 1727 329 1780 et
351 1725 431 1778 motu
455 1740 505 1792 ea,
537 1740 613 1798 quae
642 1722 729 1780 modo
752 1721 937 1794 dictasunt,
968 1725 1229 1796 repraesententur
1252 1725 1373 1779 etanta

190 1823 290 1883 oculos
306 1823 488 1882 audientium
504 1829 709 1901 proponantur
720 1823 758 1900 ⁴),
781 1842 946 1898 pronomen
962 1816 1015 1881 ὅδε
1031 1823 1128 1882 minus
1144 1823 1270 1882 offendit
1285 1843 1373 1901 quam

189 1929 220 1986 in
244 1925 375 2003 simplici
397 1931 427 1986 et
448 1926 566 2002 placata
587 1945 688 1986 rerum
710 1932 859 2003 gestarum
882 1926 1061 1986 narratione.

261 2163 286 2231 1)
304 2166 335 2212 V.
354 2167 480 2214 Kuehuer.
509 2165 552 2213 Gr.
581 2164 623 2213 Gr.
652 2166 678 2213 11
703 2167 792 2227 §4bb
812 2167 869 2213 adn.
890 2170 914 2216 8.
950 2167 1072 2226 Kruegsr.
1101 2166 1145 2213 Gr.
1165 2165 1207 2214 Gr.
1227 2167 1260 2213 11.
1288 2169 1371 2214 51.1.

192 2254 233 2314 15,
253 2255 292 2300 19.
330 2252 436 2314 Sauppe.
456 2253 522 2300 lexil.
541 2253 655 2312 Xenoph.
674 2266 694 2300 s.
713 2265 757 2300 vv.
773 2265 912 2313 pronomen
931 2254 1085 2301 rodericum.
1242 2242 1245 2247 ’

184 2394 187 2399 ,
260 2337 286 2402 2)
303 2338 454 2386 Pronomiua
479 2342 560 2386 autem
585 2323 664 2396 οὗτος,
690 2335 818 2399 τοσοῦτος,
843 2337 956 2396 τοιοῦτος
981 2341 1046 2399 apud
1070 2340 1165 2387 Atticos
1189 2341 1313 2399 saepicule
1339 2340 1369 2386 ad

191 2423 320 2483 sequentia
338 2424 548 2484 spectant-De
566 2423 609 2469 illo
628 2438 674 2471 usu
686 2423 800 2483 Krueger
819 2423 862 2471 Gr.
882 2423 925 2471 Gr.
943 2426 962 2471 1.
982 2427 996 2486 ξ
1017 2429 1057 2476 51.
1078 2430 1100 2472 1.
1120 2427 1143 2471 3.
1180 2426 1306 2474 Kuehuer.
1326 2426 1370 2472 Gr.

189 2509 557 2570 2111242111111.
599 2497 686 2556 dasch.
715 2508 758 2555 er.
778 2509 821 2558 er.
841 2511 873 2556 11.
900 2511 993 2571 2112.
1015 2515 1035 2557 1.
1061 2512 1147 2572 roppo
1170 2513 1196 2558 sn
1222 2512 1372 2572 discrepant.

187 2597 270 2657 script
290 2597 370 2643 lass
396 2595 430 2641 Vl
450 2598 463 2642 2
484 2597 541 2643 odit.
559 2595 616 2642 mai.
635 2595 711 2641 Thus.
732 2600 905 2654 exposuerunt.

258 2684 285 2742 3)
303 2681 425 2742 Exempla
451 2683 499 2728 huc
524 2681 672 2741 pertinentia
697 2685 754 2728 sunt
771 2680 846 2728 haec:
874 2683 946 2740 141,
967 2685 988 2729 1.
1021 2685 1062 2740 42,
1084 2685 1105 2729 1.
1137 2685 1178 2738 43,
1198 2686 1221 2729 4.
1241 2684 1281 2746 (21.
1302 2685 1371 2744 13.)

190 2771 230 2829 22,
246 2772 267 2816 1.
287 2768 397 2832 (21221.
413 2764 465 2832 so.)
484 2769 525 2825 22,
545 2769 568 2815 a.
596 2769 637 2825 11,
657 2770 680 2814 1,
710 2770 767 2828 122,
785 2770 810 2815 a.
837 2769 892 2818 124,
913 2771 935 2814 a.
965 2770 1059 2828 142,1.
1092 2771 1224 2828 144,1,2.
1259 2770 1284 2814 11
1295 2771 1338 2826 so,
1349 2771 1373 2814 2.

189 2858 231 2913 41,
251 2857 274 2901 2.
299 2856 342 2914 42,
363 2858 385 2900 1.
417 2855 456 2911 22,
476 2856 499 2900 s.
533 2855 615 2911 aaa.
649 2855 689 2912 11,
708 2857 730 2901 2.
764 2855 847 2913 12,1.
879 2855 919 2910 11,
939 2855 962 2899 2.
994 2854 1033 2900 111
1051 2856 1092 2914 42,
1112 2857 1134 2902 2.
1163 2855 1216 2914 (42,
1235 2852 1261 2915 4)
1289 2856 1331 2913 42,
1349 2856 1372 2904 a.

190 2941 231 3001 42,
250 2943 273 2987 a.
311 2939 347 2984 rv
361 2942 401 2996 24,
420 2940 443 2985 s.
472 2942 514 2998 21,
532 2942 555 2985 4.
589 2940 687 2996 vrso,
708 2942 732 2986 2.
769 2939 805 2984 vr
825 2942 866 2997 12,
885 2940 908 2985 2.
936 2941 978 2999 22,
999 2943 1021 2987 2.
1040 2937 1082 3005 (cr.
1101 2939 1190 3002 22,2)
1220 2941 1268 2986 vn
1286 2942 1328 3000 22,
1349 2944 1371 2988 2.

189 3026 308 3073 Eiusdem
333 3031 406 3072 notae
431 3025 671 3085 suntAntiph.1u
691 3026 719 3070 i:
746 3015 837 3087 ἤλπιζέ
859 3039 888 3074 τε
905 3021 969 3076 τάδε
987 3025 1027 3088 (21.
1047 3027 1061 3086 ξ
1080 3025 1115 3087 6.)
1140 3023 1185 3087 μὲν
1212 3022 1311 3088 δράσας
1329 3024 1373 3075 καὶ

190 3106 277 3175 λη’σειν
296 3103 454 3170 ἀποκτείνας,
474 3101 551 3161 αὐτὸν
569 3107 614 3160 καὶ
628 3142 715 3160 .....
727 3147 734 3172 ,
758 3110 801 3157 ubi
819 3111 934 3158 Reislrius
959 3125 1096 3170 pronomen
1114 3125 1279 3172 praepropere
1297 3127 1372 3159 vexa-

189 3199 227 3244 vit
244 3202 268 3245 et
285 3192 353 3262 τάχα
376 3197 472 3244 restitui
491 3196 577 3258 iussit,
607 3197 722 3256 Xenoph.
740 3195 799 3256 Cyr.
818 3197 840 3241 V
860 3200 882 3255 2,
902 3198 950 3242 23:
978 3189 1031 3259 ὁρῶ
1055 3192 1104 3259 γάρ
1130 3189 1170 3246 ὅτι
1197 3196 1289 3260 μᾶλλον
1314 3191 1372 3259 ύμῖν

191 3272 285 3347 depol
304 3280 431 3342 σκεπτέον,
451 3273 522 3339 ὅπως
540 3275 553 3331 o‘
572 3275 708 3344 Ἀσσύριος
735 3275 810 3344 ἡμῶν
829 3277 865 3344 μὴ
886 3276 1054 3346 ἐπικρατήσῃ.
1091 3277 1211 3345 212112
1230 3267 1286 3345 γάρ,
1312 3278 1371 3344 ἔφη,

189 3367 270 3419 τῶνδε
286 3364 457 3431 ἀποσφαλέντι
476 3364 542 3416 ἔστιν
560 3365 624 3423 ἴσως
642 3364 687 3416 καί
704 3357 768 3430 ἄλλη
787 3358 947 3431 ἀποστροφή.
973 3367 1088 3428 Ps.-Lys.
1107 3368 1151 3414 IX.
1173 3371 1194 3413 1.
1215 3370 1237 3415 1.

259 3454 378 3500 Similiter
404 3448 506 3504 τοιόσδε
534 3457 678 3512 usurpatum
704 3457 741 3499 est
768 3453 845 3502 Thuc.
865 3453 936 3510 138,
956 3456 969 3500 1
997 3451 1038 3516 (21.
1058 3455 1099 3514 31,
1119 3453 1144 3516 5)
1179 3453 1293 3512 Xenoph.
1313 3452 1371 3514 Cyr.

192 3541 231 3589 111
250 3542 274 3600 3,
293 3541 333 3588 31.

259 3623 286 3690 4)
304 3627 370 3674 Usus
388 3626 460 3673 enim.
480 3640 529 3685 quo
547 3627 691 3686 pronomine
710 3617 754 3676 ὅδε
773 3639 809 3684 aa,
828 3639 891 3684 qnae
908 3629 965 3671 ants
978 3626 1062 3672 oculos
1074 3626 1202 3686 proposita
1214 3630 1279 3684 sunt,
1297 3626 1372 3685 signi-

193 3714 304 3773 ficantur,
330 3727 385 3760 cnm
408 3712 434 3758 in
452 3711 614 3772 scriptoribus
638 3717 690 3759 tum
708 3711 733 3757 iu
751 3712 830 3758 titulis
849 3712 1018 3771 psephismata
1035 3710 1209 3759 exhibentibus
1227 3711 1312 3758 crebro
1331 3710 1372 3757 ob·

192 3800 258 3852 uiam
277 3803 322 3846 est.

259 3885 297 3929 Ex
321 3885 371 3931 illis
398 3897 427 3930 sa
453 3885 566 3944 exempla
590 3882 674 3929 afferri
699 3881 772 3930 liceat
798 3881 887 3941 quibus
905 3884 1020 3930 nonnulli
1038 3883 1085 3930 viri
1104 3884 1170 3930 docti
1188 3897 1317 3943 perperam
1336 3882 1373 3928 usi

191 3983 337 4031 praegressa
354 3969 434 4015 notari
452 3973 644 4029 praeceperunt:
663 3969 791 4016 Demosth.
806 3969 875 4017 XIX.
892 3972 939 4017 30:
959 3962 1015 4018 εἶτα
1033 3965 1077 4018 καὶ
1096 3965 1207 4024 Φωκέας
1225 3960 1373 4018 ἀπολώλεκε

193 4051 245 4118 μὲν,
263 4049 343 4119 οἶμαι,
362 4051 494 4114 Φίλιππος,
515 4050 718 4120 συνηγωνίσαντο
738 4049 767 4104 δὲ
785 4041 860 4103 οὗτοι.
897 4051 970 4105 τοῦτο
996 4049 1030 4115 δὴ
1055 4055 1095 4104 δεῖ
1119 4055 1220 4102 σκοπεῖν
1239 4050 1284 4102 καὶ
1301 4048 1372 4116 δρᾶν,

192 4139 215 4191 εί
231 4131 283 4192 ’ὅσα
300 4139 348 4203 τῆς
366 4137 482 4190 Φωκέων
508 4137 637 4202 σωτηρίας
661 4135 704 4188 ee
727 4134 774 4200 τὴν
793 4135 929 4204 πρεσβείαν
947 4126 1020 4204 ἧκεν,
1037 4132 1111 4188 ταῡὶἀ
1130 4129 1219 4188 ἅπαντ’
1238 4132 1373 4188 ἀπώλεσαν

192 4214 260 4278 οὗτοι
284 4224 328 4276 καὶ
354 4222 501 4290 διέφθειραν
525 4218 635 4283 ἑκόντες,
664 4217 711 4291 οὐχ
729 4219 765 4281 oie
785 4217 831 4275 ὅδε
850 4221 962 4282 Φωκέας
980 4219 1099 4276 ἀπώλεσε
1117 4216 1176 4274 καθ’
1195 4218 1296 4274 ἑαυτόν·
1324 4238 1372 4283 quo

192 4313 246 4360 loco
265 4312 387 4361 vocabulo
410 4302 456 4362 ὅδε
480 4327 530 4360 nou
548 4311 702 4372 Philippum,
721 4311 764 4359 sed
784 4310 942 4372 Aeschinem,
967 4311 1008 4370 qui
1028 4310 1121 4370 aderat,
1146 4309 1269 4370 designari
1287 4315 1373 4358 contra
