3192 4902
725 211 938 292 nco..

239 398 277 463 In
308 397 462 464 Herodoto
492 408 592 464 eutem
625 396 769 479 ἰοοπαλής
792 406 942 478 est182,
964 410 1018 464 18:
1050 399 1226 480 μαχομένων
1257 393 1290 462 dt
1319 421 1420 479 σφεων

240 502 291 564 καὶ
314 501 478 585 γινομένων
501 502 673 566 ἰσοπαλέων.
717 507 809 578 749,
828 512 877 579 44,
900 507 932 564 in
956 506 1131 586 Thucydide
1153 509 1253 581 1139,
1280 513 1312 566 l:
1336 499 1421 583 ἡμεῖς

240 605 273 669 δὲ
295 603 457 685 ἀνειμένως
479 600 669 685 διαιτώμενοι
692 601 781 667 οὐδὲν
803 595 898 684 ἧσσον
921 605 970 667 ἐπὶ
992 603 1063 677 τούς
1087 606 1235 678 ίσοπαλεῐς
1258 603 1421 678 κινδύνους

239 714 399 791 χωροῦμεν.
421 714 465 773 17
489 718 538 787 94,
565 718 591 772 l.

239 816 283 874 cf.
298 815 429 894 Appiun.
449 815 515 892 Syr.
537 819 567 875 5.
588 815 659 874 bell.
683 814 742 875 civ.
758 814 816 874 ΙΙΙ.
834 815 883 874 87.
918 814 998 874 Sues.
1021 814 1058 873 D.
1074 815 1130 874 XL
1148 816 1197 889 27,
1223 821 1235 873 1
1255 815 1292 875 D.
1309 815 1420 874 XLIII

240 923 325 996 ccc
349 919 469 979 XLVII
484 922 570 991 τοι
594 918 618 976 L
638 921 686 991 ιο,
704 921 730 975 5.

325 1014 429 1099 Λογάς
451 1041 474 1080 s.
498 1019 600 1098 potius
622 1014 789 1098 λογάδες
812 1021 948 1080 obfertur
969 1019 1002 1079 in
1025 1021 1118 1080 Thuc.
1142 1022 1158 1079 Ι
1182 1026 1231 1093 62,
1249 1027 1284 1081 6;
1309 1021 1419 1099 Κοριν-

240 1123 318 1184 θίων
346 1142 376 1181 τε
406 1121 456 1181 καὶ
486 1123 546 1181 τῶν
577 1114 671 1181 άλλων
701 1117 832 1201 λογάδες.
879 1124 912 1181 II
935 1128 984 1196 25,
1008 1129 1036 1181 3.
1070 1124 1113 1181 IV
1139 1127 1208 1196 125,
1232 1121 1261 1186 3.
1297 1125 1365 1194 127,
1391 1129 1419 1184 2.

242 1231 312 1305 129,
336 1231 364 1285 4.
397 1228 498 1298 vco,
514 1223 542 1288 3.
580 1226 673 1299 οτι.
708 1226 759 1300 72,
777 1231 803 1283 3.
839 1226 889 1299 73,
906 1231 934 1285 3.
969 1225 1013 1284 VI
1033 1230 1083 1298 ec,
1100 1231 1127 1286 3.
1165 1231 1234 1299 100,
1254 1232 1277 1285 1.
1307 1231 1419 1308 101,4,

238 1329 270 1388 in
293 1329 405 1390 Herod.
427 1331 445 1386 I
469 1333 517 1401 82,
545 1328 598 1387 17:
620 1321 742 1406 λογάδες
765 1323 797 1386 δὲ
820 1323 967 1406 ἑκατέρων
989 1319 1224 1400 άπολειφθίυιες
1247 1325 1418 1402 συνέβαλον.

239 1433 282 1493 71
308 1437 356 1505 15,
381 1437 408 1491 5.
443 1437 492 1504 56,
516 1431 544 1491 7.
579 1432 625 1489 IX
652 1436 699 1504 11,
724 1437 774 1494 20.
827 1431 974 1511 Reliquos
996 1432 1076 1490 locos
1099 1432 1365 1506 Schweighaeuser
1386 1431 1418 1489 in

238 1535 336 1595 lexico
359 1534 530 1594 Herodoteo
554 1534 684 1608 collegit.
708 1567 748 1576 —
771 1537 932 1594 Poetarum
963 1554 1067 1607 nemo,
1099 1542 1244 1613 quantum
1274 1534 1351 1606 ecio,
1384 1553 1418 1593 eo

239 1639 388 1699 vocabulo
410 1658 481 1697 usus
503 1642 551 1697 eet
571 1636 631 1696 nini
654 1637 789 1716 Euripid.
814 1638 907 1697 Andr.
925 1642 995 1696 324.
1019 1639 1093 1699 Ηοο.
1113 1641 1194 1710 544,
1216 1637 1419 1697 recentiorum

241 1741 423 1819 scriptorum
445 1739 598 1818 permulti.
642 1741 721 1800 Loco
751 1739 816 1800 eius
847 1737 994 1808 ἐπίλεκτος
1022 1739 1154 1799 invaluit
1176 1741 1256 1818 apud
1278 1741 1418 1816 Xenoph.

241 1847 338 1904 Aneb.
361 1844 463 1915 1114,
487 1849 527 1902 43
559 1843 723 1914 711411
760 1841 970 1915 ΗοΠου.78,
988 1848 1026 1900 23
1058 1842 1232 1915 7111,19.
1257 1847 1419 1916 2,10,12.

239 1945 382 2007 Aeschin.
414 1947 456 2005 II.
490 1950 557 2005 169.
608 1944 705 2004 Semel
736 1945 928 2024 Thucydides
959 1939 1081 2024 λογάδες
1112 1951 1143 2005 et
1172 1942 1300 2004 ἐκλεκτοί
1327 1949 1421 2005 verbe

240 2048 413 2121 olternarit,
436 2049 480 2108 VI
505 2053 574 2121 100,
602 2052 634 2107 l:
667 2045 856 2126 τριακοσίους
886 2047 972 2121 σφῶν
1004 2041 1105 2106 αὐτῶν
1136 2041 1266 2126 λογάδας
1288 2044 1338 2106 καί
1361 2050 1420 2106 τῶν

240 2152 341 2224 ψιλῶν
363 2171 444 2219 τινας
466 2143 621 2218 ἔκλεκτοδς
644 2143 848 2226 ω’πλισμένους
870 2143 1040 2229 προάταξαν
1062 2154 1130 2208 θεῖν
1153 2145 1266 2231 δρόμῳ.

240 2254 299 2313 Hic
339 2274 400 2313 non
439 2253 597 2328 indignum
638 2253 761 2314 videtur
800 2273 1030 2314 commemorare
1072 2254 1163 2313 etium
1199 2246 1329 2332 λογάδην
1366 2255 1417 2313 ed-

239 2355 395 2429 verbium,
425 2357 505 2436 quod
535 2355 725 2434 Thucydide·
749 2357 793 2416 IV
825 2362 853 2430 4,
877 2362 904 2416 2.
942 2361 992 2430 81,
1017 2362 1034 2413 2
1068 2357 1113 2415 7Ι
1136 2362 1184 2429 66,
1209 2362 1226 2414 2
1258 2359 1368 2430 hahet,
1401 2378 1418 2415 o

239 2459 364 2538 reliquie
386 2459 498 2518 Atticis
521 2457 669 2520 obiectum
685 2479 758 2519 eece.
794 2459 838 2519 Of.
854 2460 954 2520 Suid.:
976 2453 1124 2537 λογάδην·
1150 2456 1314 2529 ίπιλίκιως.
1341 2459 1419 2518 Θου-

239 2560 364 2639 κυδίδης
387 2557 421 2623 δ’.

325 2659 591 2742 Μυημάσυνος
619 2667 718 2726 eedem
748 2671 890 2727 nunctum
922 2671 968 2726 eet
997 2666 1029 2724 in
1052 2666 1208 2744 Aristoph.
1233 2667 1323 2744 Veep.
1347 2672 1417 2726 538.

241 2774 313 2830 560.
346 2771 485 2846 Thucyd.
505 2770 533 2829 V
557 2774 605 2842 11,
632 2774 665 2828 1:
688 2761 886 2842 ἀφανίσαντες
909 2765 937 2826 εί
956 2790 982 2826 τι
1006 2762 1198 2844 μνημόσυνόν
1221 2790 1281 2827 που
1304 2766 1419 2845 ἔμελλεν

240 2866 335 2930 αὐτοῦ
350 2871 402 2947 τῆς
418 2867 552 2939 οἰκίσεως
567 2866 765 2948 περιέσεσθαι.
809 2871 953 2949 Hippocr.
970 2871 1111 2949 praedict.
1127 2871 1180 2931 lib.
1197 2874 1238 2932 IL
1254 2873 1313 2932 vol.
1329 2872 1417 2931 XXI.

238 2996 267 3052 p.
284 2978 354 3033 215.
368 2974 446 3033 med.
464 2972 589 3032 Aristot.
607 2978 689 3031 8384Ι
707 2979 756 3033 82.
801 2975 865 3032 Hoe
888 2975 1094 3052 exemplorum
1117 2974 1203 3053 copie
1217 2976 1306 3050 longe
1322 2974 1418 3034 anteit

239 3076 421 3146 Herodotus,
452 3075 503 3155 qui
527 3080 648 3153 praeter
670 3095 712 3148 ee,
737 3095 813 3155 quae
836 3076 1106 3151 Schweighaeuser
1129 3078 1310 3156 suppeditet,
1341 3079 1417 3137 haec

238 3183 380 3258 praebet:
402 3180 555 3252 1185,4;
579 3171 754 3254 μνημόσυνα
776 3175 896 3238 ἐλίπετο.
921 3181 954 3239 II
972 3184 1041 3253 101,
1058 3184 1086 3240 4.
1109 3185 1180 3259 121,
1198 3186 1215 3238 2
1238 3182 1283 3240 17
1300 3185 1348 3252 81,
1366 3186 1416 3242 21.

241 3287 322 3357 89,1
348 3283 411 3343 7Π
427 3288 476 3355 24,
493 3289 521 3341 2.
546 3315 587 3325 -
610 3281 655 3340 (lt.
678 3282 759 3345 Plut.
784 3281 858 3341 Mor.
883 3302 912 3359 p.
930 3287 1000 3342 831.
1023 3282 1058 3342 D.
1081 3285 1153 3346 Luc.
1175 3283 1269 3363 Hipp.
1287 3289 1313 3342 2.
1337 3285 1417 3344 Sere.

239 3386 275 3446 D.
298 3386 370 3446 LIV
386 3390 436 3456 28,
453 3389 482 3444 6.

238 3490 330 3565 Apud
360 3492 475 3548 ceteros
507 3485 625 3547 Atticos
661 3486 725 3547 eine
759 3485 826 3549 rice
860 3486 963 3566 alique
992 3507 1030 3546 ex
1060 3492 1144 3566 purte
1176 3490 1320 3564 μνημεῖον
1348 3489 1418 3548 fun·

239 3591 335 3665 gitur5
359 3610 447 3670 quem
470 3591 649 3649 admodum
671 3589 737 3667 ipse
760 3590 896 3669 Thucyd.
920 3592 953 3649 ΙΙ
976 3597 1025 3663 41,
1050 3596 1069 3650 4
1092 3591 1188 3652 dixit:
1214 3595 1342 3668 μνημεῖα
1365 3613 1418 3649 κα-

238 3693 300 3752 κῶν
322 3713 352 3751 τε
374 3683 520 3771 κάγαθῶν
542 3683 625 3750 άίδια
648 3690 929 3770 ξογκατοικίοαντες.

323 3795 518 3857 Adiectirum
549 3793 719 3864 πίσυνος
748 3797 786 3855 ob
808 3797 912 3856 Attice
941 3797 1070 3856 dialecto
1100 3796 1233 3856 alienum
1264 3817 1328 3857 esee
1355 3796 1418 3856 iem

238 3899 355 3979 pridem
386 3900 475 3958 Phot.
507 3903 538 3958 et
560 3897 643 3960 Suid.
674 3918 695 3957 ι.
724 3918 754 3959 r.
785 3892 921 3977 περιωπή
950 3901 1116 3960 docuerunt
1149 3905 1180 3959 et
1209 3899 1291 3959 inter
1321 3903 1418 3961 verbo

237 3994 403 4080 γλωιτάδη,
426 4020 502 4080 quoe
523 4001 557 4060 in
572 3999 748 4078 Thucydide
771 4006 850 4075 sunt,
873 4008 1117 4064 numeraverunt.
1158 4003 1305 4063 Similiter
1328 4003 1365 4062 de
1381 4022 1416 4063 eo

237 4105 432 4166 Rutherford.
457 4105 494 4163 ed
516 4105 631 4182 Phryn.
654 4125 683 4181 p.
708 4109 758 4163 21.
779 4103 929 4165 iudicavit
956 4105 987 4163 in
1011 4126 1045 4165 eo
1068 4114 1167 4166 temen
1189 4108 1306 4184 lapsus,
1336 4107 1418 4186 quod

236 4206 269 4265 id
290 4228 350 4267 uno
372 4209 449 4286 loeo,
472 4207 566 4267 'i‘hnc
589 4209 625 4269 7.
652 4211 700 4284 14,
724 4212 756 4267 3:
780 4210 842 4276 τοῖς
864 4203 920 4277 ἔξω
942 4207 1073 4279 πίσυνοι,
1097 4230 1145 4282 ,ex
1166 4210 1239 4269 Jede
1261 4209 1416 4270 residuum

239 4315 313 4371 eese‘
336 4309 477 4390 opinatus
501 4316 563 4384 est;
585 4331 655 4370 nam
677 4309 831 4389 reperitur
854 4311 943 4370 etiem
966 4312 1058 4372 Thnc.
1083 4313 1125 4371 ΙΙ.
1151 4318 1199 4388 89,
1217 4319 1244 4372 6.
1269 4314 1322 4372 VI.
1342 4318 1370 4388 2,
1387 4317 1417 4378 6.
