3192 4902
704 191 915 262 „24-

219 367 361 446 genetivo
384 368 515 429 nominis
530 369 618 428 modo
641 390 709 429 cum
723 369 946 448 praepositione
961 367 1050 428 locali
1066 367 1183 447 posuit3
1205 365 1401 448 Thucydides

217 473 330 552 ubique
351 473 489 532 absolute
510 471 651 549 protulit:
673 475 756 546 Ι69,
774 479 808 531 5:
830 465 1014 548 Ἀθηναίους
1035 464 1090 546 οὐχ
1105 463 1175 538 έιιᾶς
1191 462 1289 538 ὄντας.
1316 477 1397 543 80,3

219 575 298 634 VIII
321 581 370 647 94,
394 581 423 636 3.
448 579 517 647 104,
541 580 571 633 4.
594 609 636 617 -
658 576 707 634 Ad
727 576 825 647 locos,
856 594 931 654 quos
953 572 1221 648 Schweighaeuser
1243 593 1279 631 ex
1302 574 1400 632 Hero-

221 679 292 737 doto
323 676 541 750 accumulavit,
571 676 682 736 edicias
704 678 721 735 I
747 683 816 750 134,
838 683 875 736 9;
909 668 979 745 roais
1008 671 1126 735 ἑωυτῶν
1156 671 1314 753 ἑκαστέρω.
1349 677 1401 734 III

220 785 270 853 41,
294 785 331 840 9:
355 771 417 837 οἰπέ
440 779 493 853 τῆς
514 770 607 854 νήσου
630 773 709 848 έκοίς.
753 783 896 852 111,14ι
919 771 1162 837 ἀπαλλάσσεσθαι
1185 771 1254 847 ἕκᾶς
1276 772 1399 836 αὐτέων,

219 883 268 941 rx
291 887 340 955 ee,
368 887 414 940 ιο.

219 1000 342 1082 Reliqui
364 1000 526 1077 scriptores
549 1001 613 1061 sius
635 1001 733 1062 vicem
756 993 859 1080 πόρρω
881 1003 1027 1064 vocabulo
1049 1002 1097 1062 usi
1120 1002 1241 1079 sunt1).

303 1114 385 1179 Ἐνδ
393 1137 502 1180 οιαστ
512 1122 537 1178 oi
545 1141 560 1190 ς
574 1121 726 1199 reperitur
741 1124 820 1199 opud
830 1123 941 1182 Herod.
954 1123 1023 1181 VII.
1035 1121 1104 1195 174,
1116 1127 1149 1181 4:
1171 1117 1313 1180 Θεσσαλοὶ
1330 1115 1400 1196 ἐμή-

222 1223 308 1283 δισαν
329 1216 499 1300 προθύμως
527 1215 590 1281 orid'
613 1219 655 1282 έτι
679 1221 868 1295 ἐνδοιαστῶς,
897 1225 991 1284 Thuo.
1013 1204 1058 1282 ¹VI
1084 1229 1131 1297 1⁰,
1157 1231 1192 1285 5:
1223 1217 1304 1282 ι’ίλλοι
1324 1219 1403 1294 τινὲς

220 1319 295 1385 κατὰ
324 1318 378 1395 ταίς
406 1319 551 1404 ἠπείρους
579 1323 755 1396 ἐνδοιαστῶς
777 1320 953 1403 ἀκροῶνται.
981 1328 1040 1385 VH
1064 1329 1114 1401 87,
1138 1335 1166 1387 4.
1190 1363 1232 1370 -
1254 1327 1400 1406 Hippocr.

220 1429 365 1508 praedict.
386 1429 440 1489 lih.
463 1430 506 1490 II.
529 1431 590 1490 vol.
614 1429 702 1488 XXI.
725 1451 754 1508 p.
781 1434 860 1503 189,
890 1431 927 1489 dc
949 1432 1044 1489 morb.
1067 1431 1185 1505 vulgar.
1206 1429 1261 1491 lib.
1284 1431 1308 1488 I.
1340 1431 1401 1492 vol.

222 1532 346 1594 XXIII.
368 1553 398 1612 p.
422 1537 493 1590 384.
516 1553 555 1591 m.
578 1534 623 1610 (et
645 1532 737 1591 stiam
760 1532 879 1608 saepius
902 1532 1087 1593 ediectivum
1111 1525 1302 1609 ένὸοιασιός).
1339 1526 1402 1590 Ἐν-

222 1627 348 1707 δοιέζειν
379 1640 424 1695 est
453 1635 533 1714 apud
561 1635 808 1715 Thucyd.136‚
834 1640 860 1693 1,
898 1641 964 1707 122,
989 1641 1017 1694 3.
1048 1636 1094 1694 VI
1117 1641 1167 1708 91,
1192 1643 1219 1696 4.
1251 1635 1402 1695 Posterio-

221 1757 269 1797 res
291 1757 352 1797 nou
374 1739 471 1798 solum
493 1758 529 1797 ee
550 1739 700 1800 vocabula
722 1743 911 1816 receperunt,
942 1738 994 1797 sed
1018 1739 1109 1797 etiem
1131 1759 1211 1800 nova
1238 1759 1277 1798 ex
1298 1739 1401 1798 eodem

221 1841 322 1902 radice
345 1843 618 1901 conformaverunt.

308 1962 441 2021 Verbum
466 1957 655 2035 ἐξαπίνης
677 1981 743 2020 cum
765 1961 798 2020 in
820 1964 902 2021 hunc
919 1981 1076 2021 numerum
1092 1962 1202 2021 assumi
1218 1962 1320 2034 velim,
1336 1962 1402 2022 fieri

222 2085 283 2124 non
305 2068 415 2141 potest,
438 2063 510 2143 quin
535 2063 714 2123 sententiam
735 2064 880 2124 Lobcchii
902 2065 952 2142 (ad
968 2066 1081 2142 Phryn.
1097 2085 1126 2142 p.
1146 2064 1207 2142 18.)
1229 2065 1403 2142 impugnem

223 2166 373 2228 censentis
397 2167 515 2238 ,formas
538 2159 636 2239 έίφνω,
661 2163 811 2242 ἐξαπίνης,
835 2163 975 2241 ἐξαίφνης
998 2173 1028 2226 et
1050 2164 1226 2237 ἐξαπιναίως
1248 2169 1328 2246 apud
1347 2171 1403 2227 At·

221 2269 298 2330 ticos
321 2269 482 2347 scriptores
506 2270 691 2346 promiscue,
713 2275 749 2329 ut
772 2268 879 2349 cuique
901 2269 1015 2343 lubuit,
1043 2275 1203 2346 usurpatas
1227 2277 1310 2330 eese‘.
1356 2271 1399 2330 De

222 2392 283 2452 que
304 2372 456 2433 sententie
478 2376 577 2431 ectum
600 2371 667 2445 erit,
692 2371 717 2430 si
732 2371 796 2431 vim
812 2371 1084 2451 auctoritatemque
1101 2375 1308 2452 exemplorum
1325 2375 1403 2433 Plat.

168 2484 172 2495 “
222 2476 292 2553 Rpl.
315 2495 344 2551 p.
359 2480 430 2534 821.
453 2476 477 2533 Β
500 2475 654 2535 Demosth.
679 2494 703 2534 o.
726 2477 833 2535 Noaer.
857 2479 948 2549 599„
972 2476 1081 2555 quihus
1103 2475 1254 2550 inuititur,
1279 2476 1401 2536 dilueri-

221 2599 297 2638 mus.
321 2612 362 2621 —-
385 2577 471 2643 Quod
502 2579 582 2638 enim
605 2577 780 2638 Aristotelis
811 2597 930 2658 quoque
952 2577 1167 2652 testimonium,
1198 2600 1227 2657 p.
1251 2585 1333 2639 636a
1354 2584 1403 2651 31,

223 2680 367 2760 protulit,
396 2682 478 2741 hunc
508 2682 578 2760 puri
608 2681 755 2741 sermonis
778 2679 874 2740 Attici
897 2684 1005 2739 testem
1029 2701 1093 2741 esse
1116 2680 1250 2758 praecise
1273 2703 1350 2758 nego
1362 2681 1403 2758 ²).

223 2818 265 2827 -
288 2788 391 2863 Atque
413 2786 500 2844 Plato
525 2783 655 2864 quidem,
678 2784 731 2863 qui
754 2804 788 2842 eo
812 2783 875 2843 loco
898 2783 1028 2842 fabulam
1050 2783 1120 2843 Eris
1143 2783 1315 2857 cuiusdam,
1348 2790 1403 2844 Ar·

222 2887 303 2946 meni
325 2885 391 2964 filii,
414 2890 526 2959 narrat,
549 2907 608 2945 uon
632 2887 669 2944 de
686 2906 740 2944 suo
762 2887 821 2945 hoo
835 2886 1014 2945 vocabulum
1030 2886 1154 2947 videtur
1169 2886 1295 2960 dedisse,
1317 2907 1402 2965 prae-

223 2988 328 3048 sertim
370 3009 436 3048 cum
467 2987 594 3068 reliquis
626 2988 718 3067 (octo)
751 2988 826 3048 locis
857 2985 997 3063 ἐξαίφνης
1028 2988 1184 3049 scriberet.
1237 2993 1403 3049 Auctorem

222 3096 322 3152 autem
353 3089 497 3150 orationis
530 3110 554 3150 c.
578 3093 684 3154 Neacr.
714 3091 921 3168 Thucydidem
952 3097 1022 3152 ente
1053 3094 1155 3152 oculos
1185 3092 1326 3154 habuisse
1351 3094 1404 3153 vel

224 3194 400 3272 compilasse
423 3195 490 3254 luce
514 3194 624 3254 clarius
648 3199 694 3254 et
706 3196 752 3274 1)ι
777 3195 814 3254 cf.

265 3315 358 3374 Thuc.
382 3313 468 3387 113,
496 3319 528 3372 1:
880 3313 1099 3373 Ps.·Demosth.
1123 3334 1147 3374 c.
1168 3316 1275 3374 Neaer.
1300 3320 1357 3375 99:

222 3413 254 3474 οἱ
274 3411 307 3474 δὲ
324 3416 478 3492 Πλαταιῆς
494 3407 534 3485 οἷς
550 3408 681 3498 ᾔσθοντο
699 3413 786 3475 ἔνδον
838 3409 1014 3492 αἰσθόμενοι
1036 3411 1061 3474 d’
1087 3413 1118 3474 οἱ
1134 3417 1293 3486 Πλαταιεῖς
1316 3414 1403 3476 ένᾶον

221 3538 250 3576 τε
269 3511 363 3587 ,έίντας
386 3511 456 3588 τούς
480 3517 626 3593 Θεβαίους
648 3514 698 3577 καὶ
722 3516 786 3590 ἐξα·
838 3510 927 3588 ίίντας
949 3512 1020 3588 τούς
1045 3517 1198 3595 Θηβαίους
1219 3521 1273 3595 τῆς
1295 3513 1403 3589 νυκτός

222 3618 349 3690 πιναίως
363 3617 594 3698 κατειλημμένην
622 3613 676 3697 τὴν
698 3613 785 3679 πόλιν
836 3617 887 3679 καὶ
910 3617 1088 3692 ἐξαπιναίως
1113 3613 1213 3680 αὐτῶν
1235 3613 1289 3697 τὴν
1311 3615 1401 3680 πόλιν

837 3721 868 3782 έν
899 3715 1001 3808 εἰρήνη
1033 3721 1281 3802 κατειλημμένην,
1310 3742 1401 3803 παρε-

835 3818 985 3904 βοηθουν.

290 4032 315 4098 1)
334 4033 364 4081 V.
382 4031 538 4082 Rutherford.
559 4033 590 4079 ad
602 4031 695 4094 Phryn.
715 4047 740 4093 p.
754 4035 795 4081 28.
831 4033 869 4081 01.
888 4033 1007 4093 Krueger.
1027 4031 1070 4080 Gr.
1089 4031 1132 4079 Gr.
1151 4033 1183 4080 II.
1204 4032 1245 4081 23.
1264 4032 1286 4079 6.
1307 4034 1329 4081 1.

289 4121 315 4182 3)
333 4120 490 4169 Aristotelem
508 4118 586 4166 verba
603 4117 694 4166 tonica
711 4133 761 4166 non
779 4120 921 4181 repudiasse
939 4133 1015 4180 supra
1032 4119 1147 4166 vidimus.

289 4203 315 4272 3)
333 4207 362 4254 V.
381 4207 461 4254 Blass.
487 4205 665 4266 ,Bereosamkf
692 4205 742 4253 vol.
761 4207 805 4254 III.
832 4221 857 4266 p.
876 4206 934 4255 4¹18.
958 4220 982 4270 p.
1001 4207 1059 4254 481.
1084 4206 1140 4253 adu.
1161 4207 1185 4256 1.
1220 4203 1258 4252 cf.
1282 4201 1399 4254 Diodori.

219 4295 302 4356 sonet.
322 4291 348 4340 in
365 4292 494 4342 Demosth.
513 4289 569 4339 VII.
587 4306 612 4356 p.
633 4293 706 4345 1361.
