3192 4902
683 257 893 336 *51*

197 461 260 502 ναι·
295 427 314 501 δ
336 439 353 499 δ
363 433 376 500 ἒ
398 433 435 500 τα’
458 460 488 500 τε
511 437 633 520 δένδρεα
663 431 715 502 καὶ
745 438 797 503 viv
826 438 943 523 καρπδν
966 438 1018 504 τδν
1040 442 1071 504 lv
1093 447 1129 528 τῇ
1152 447 1190 529 γῇ
1214 432 1294 516 δ’κως
1316 439 1378 504 δια-

197 545 333 624 φθείρειε
366 537 559 604 α’πείίοίσσετο
576 589 582 603 .
600 589 631 604 ..
678 545 747 604 Alia
786 546 818 605 id
858 567 952 624 genus
987 549 1124 628 exempla
1164 551 1299 623 Krueger
1342 551 1380 608 ad

198 649 310 709 Herod.
334 650 353 709 l.
374 648 393 707 l.
425 653 455 708 et
485 649 604 708 Bekker
639 649 852 723 „Homerische
885 651 1017 711 stetten
1042 653 1069 712 I.
1099 671 1127 728 p.
1154 656 1202 711 81.
1225 671 1380 728 congesse-

198 759 276 812 runt.

197 856 256 915 Sed
277 855 426 931 discrepat
456 854 481 912 si
505 874 564 915 non
589 855 802 933 Xenophontis
824 856 906 916 locus
929 860 1061 917 atcerte
1083 857 1282 935 Thucydidis;
1312 876 1379 916 nam

79 952 81 958 ’
199 979 264 1016 cnm
291 957 415 1018 Homeri
446 956 652 1036 Herodotique
684 959 820 1035 exempla
852 959 925 1019 talia
953 960 1029 1032 sint,
1063 964 1098 1018 ut
1130 959 1246 1035 integer
1276 979 1379 1018 sensus

198 1061 297 1136 planis
320 1061 420 1119 verbis
443 1066 620 1136 exponatur,
641 1059 674 1119 iu
690 1060 883 1140 Thucydideo
905 1062 1010 1122 lacuna
1032 1062 1097 1122 hiat
1115 1061 1295 1137 cogitatione
1318 1063 1380 1120 fera

202 1163 244 1222 sic
267 1165 431 1240 explenda:
452 1160 504 1221 καὶ
527 1161 559 1222 οἱ
578 1158 632 1238 μὲν
654 1160 836 1239 ἐψηφίζοντο
849 1163 888 1241 ¹).

625 1398 645 1484 ξ
667 1398 702 1465 3.
745 1400 954 1468 Deseritis.

558 1540 610 1598 Da
635 1559 777 1614 genero
798 1543 1020 1601 verborum.

285 1659 407 1718 Constat
430 1658 546 1718 Atticos
577 1661 682 1737 πειρᾶν
715 1664 746 1721 et
775 1659 938 1738 πειρᾶσθαι
961 1660 1003 1719 ita
1026 1659 1212 1734 discrevisse,
1235 1664 1271 1720 ut
1291 1679 1381 1719 sensu

199 1763 359 1821 tentandae
382 1761 545 1838 pudicitiae
566 1763 712 1837 activum,
742 1783 831 1822 sensu
854 1763 979 1822 conandi
1003 1762 1193 1839 periclitandi
1216 1762 1380 1838 periculum
1470 1761 1473 1767 '

198 1865 327 1948 faciendi
350 1865 479 1923 medium
502 1872 648 1941 ponerent
659 1866 697 1942 2).
742 1867 807 1926 Hoc
829 1866 989 1926 discrimen
1012 1865 1190 1926 nouaclum
1210 1865 1381 1925 Herodotus

198 1969 250 2025 sed
273 1966 362 2026 etiam
384 1967 572 2043 Thucydides
595 1969 733 2041 violavit,
764 1988 831 2027 cum
859 1968 912 2027 ille
934 1969 979 2030 VI
996 1973 1044 2040 84,
1065 1974 1082 2024 9
1105 1966 1243 2043 scripsit:
1274 1968 1381 2044 πειρᾶν

199 2067 230 2139 ἐς
260 2062 314 2146 τὴν
338 2062 483 2146 Μηδικήν
511 2063 715 2146 captatam),
738 2072 937 2144 hi0150‚4:
968 2064 1009 2145 μή
1040 2071 1181 2150 πειρῶσιν
1203 2061 1379 2145 ἀποβαίνειν

198 2174 231 2230 Il
249 2173 299 2245 77,
316 2178 351 2232 2:
374 2168 447 2248 πυρὶ
471 2169 571 2244 ἔδοξεν
593 2169 697 2241 αὐτοῖς
719 2175 859 2252 πειρᾶσαι
882 2170 1034 2248 insol-lios
1056 2165 1110 2249 τήν
1125 2171 1211 2231 πολίν
1232 2173 1277 2233 IV
1294 2178 1322 2246 9,
1339 2178 1379 2231 2:

200 2261 223 2357 ᾗ
245 2268 371 2350 μάλιστα
394 2271 525 2344 ἐκείνους
553 2272 743 2352 προσεδέχετο
767 2270 919 2351 πειράσειν
941 2268 1116 2352 α’ποβαίνειν
1161 2280 1228 2349 102,
1245 2282 1278 2335 2:
1301 2271 1379 2334 ίπεί-

199 2393 269 2452 ρασε
293 2375 459 2436 κατοικίσαι
487 2383 554 2453 128,
574 2383 608 2438 1:
631 2382 757 2453 προεῖπε
773 2381 912 2457 πειρᾶσαι
930 2376 1090 2457 ἐκκροῦσαι
1105 2371 1176 2447 τοδς
1191 2371 1376 2457 βαρβάρους.

198 2481 259 2540 VII
283 2485 377 2554 32,1.
431 2483 523 2540 Porro
546 2482 676 2540 Homero
707 2490 869 2558 praeeunte
893 2479 961 2560 (Θὸ
982 2471 1068 2556 Τ30)
1091 2480 1252 2557 Sophocles
1274 2481 1380 2558 πειρᾶν

197 2583 325 2642 admisit.
371 2583 512 2642 Eiusdem
534 2583 566 2642 in
589 2584 685 2659 legem
707 2584 789 2642 illam
813 2584 981 2644 Atticorum
1010 2583 1125 2659 peccati
1148 2583 1380 2659 Xenophontem

198 2686 317 2762 Sauppe
352 2685 426 2744 falso
466 2685 654 2746 insimulavit
693 2686 766 2746 haee
805 2688 842 2745 cd
865 2687 952 2744 Mem.
975 2687 992 2744 1
1016 2691 1044 2758 2,
1061 2691 1100 2743 29
1128 2685 1253 2764 Κριτίαν
1271 2682 1379 2742 αἰσθα-

198 2781 321 2862 νόμενος
361 2784 474 2866 ἐρῶντα
513 2779 707 2863 Εὐθυδήμου
743 2785 794 2846 καὶ
830 2788 979 2866 πειρῶντα
1014 2788 1144 2866 χρῆσθαι
1179 2779 1318 2866 καθάπερ
1350 2785 1381 2846 οἱ

199 2885 275 2970 πρδς
303 2883 481 2968 τάφροδίσια
515 2892 574 2950 τῶν
613 2886 760 2967 σωμοίτοιν
800 2883 1001 2961 α’ποίαύοντες
1035 2882 1181 2970 δπὲτρεπε
1216 2891 1377 2951 adnotans:

197 2995 332 3072 ,,πειρᾶν,
363 2995 443 3072 quod
468 2995 531 3053 fere
560 2994 669 3053 dicitur
700 2995 736 3054 de
766 2997 908 3054 tantuma
938 2993 1096 3070 pudicitia,
1137 2993 1187 3053 hic
1217 2996 1378 3053 secundum

198 3097 382 3175 Thucydidis
413 3096 581 3172 exemplum
612 3097 717 3174 (150)
756 3097 882 3156 conandi
921 3096 1138 3170 significatione
1174 3095 1287 3156 dietum
1325 3101 1378 3169 est,

199 3220 258 3277 qua
292 3198 352 3257 dici
386 3200 463 3258 solet
498 3199 655 3259 medium“.
699 3200 775 3258 Nam
805 3199 957 3278 ‚qnoniam
985 3199 1135 3274 Xenopho
1165 3200 1202 3256 de
1232 3217 1265 3258 re
1295 3217 1374 3258 ama·

199 3303 276 3362 toric
298 3301 429 3376 exponit,
452 3320 551 3360 nonne
574 3302 638 3360 veri
660 3307 706 3360 est
729 3301 911 3360 simillimum
931 3302 1039 3379 πειρᾶν
1054 3301 1155 3363 valere
1176 3305 1302 3374 ‚tentare
1325 3319 1379 3376 pn-

200 3401 361 3462 dieitiam‘?
390 3401 487 3466 Quare
510 3408 562 3466 aut
583 3404 713 3482 χρῆσθαι
735 3406 769 3462 ut
790 3403 1089 3478 interpretamentum
1106 3402 1172 3461 dele
1188 3422 1253 3461 cum
1269 3401 1380 3462 Borne-

197 3526 306 3566 manno
329 3511 381 3566 aut
396 3541 436 3550 ·-
464 3507 496 3565 id
520 3508 599 3585 quod
619 3506 756 3584 equidem
779 3505 889 3579 malim,
912 3507 992 3585 quod
1013 3505 1056 3565 ita
1078 3505 1266 3565 enuntiatum
1288 3524 1305 3563 a
1326 3525 1379 3563 κα-

197 3603 297 3688 θάπερ
328 3609 477 3685 incipiens
507 3610 544 3669 ad
580 3608 786 3669 antecedentia
819 3607 917 3686 aptius
950 3628 982 3667 sa
1020 3607 1148 3669 acclinat
1182 3640 1225 3653 -
1261 3606 1380 3684 explica

158 3782 162 3788 ¹
198 3713 345 3791 πειρῶντα
368 3703 461 3771 αὐτδν
484 3705 557 3770 ὥστε
579 3713 725 3789 χρῆσθαι,

270 3936 295 3991 1)
312 3933 402 3980 Procul
427 3933 502 3980 dubio
526 3934 574 3981 huc
603 3934 666 3981 nihil
691 3933 814 3994 pertinent
840 3932 858 3980 ii
883 3931 1035 3994 Thucydidis
1063 3932 1112 3978 loci
1137 3932 1159 3996 (1
1187 3933 1228 3990 37,
1255 3931 1270 3978 5
1300 3930 1326 3976 II
1343 3932 1377 3977 46

198 4021 222 4065 11
241 4020 316 4077 65,5
346 4020 442 4080 11198,
464 4018 488 4082 1)
516 4019 604 4079 quibus
630 4021 753 4079 particula
778 4015 809 4069 δέ
835 4017 861 4064 in
881 4019 983 4078 apodosi
1001 4021 1133 4078 comparet.
1177 4016 1231 4062 Hoc
1248 4020 1330 4063 autem
1348 4009 1379 4065 δέ

198 4097 348 4156 οἷποδοτικόυ
372 4106 423 4152 fare
444 4119 529 4154 omnes
548 4106 680 4166 scriptores
698 4105 794 4152 Atticos
813 4118 858 4151 usu
876 4104 999 4164 recepisse
1017 4118 1072 4152 cum
1090 4102 1133 4150 alii
1154 4106 1205 4148 tum
1223 4100 1379 4160 Frohbarger

197 4191 222 4238 in
240 4191 379 4252 appendice
396 4191 427 4238 ad
445 4190 505 4252 Lys.
524 4191 592 4238 XIV.
612 4194 652 4239 21.
671 4191 858 4238 demonstravit.

266 4273 292 4343 2)
311 4277 342 4325 V.
361 4277 498 4324 Hehlhorn.
517 4278 549 4325 H.
567 4276 656 4324 Jahrb.
675 4277 692 4322 t.
711 4275 835 4336 Philolog.
854 4289 877 4324 u.
895 4275 1028 4334 Pasdag.1
1047 4270 1135 4340 (18³1)
1154 4288 1177 4333 p.
1190 4275 1232 4322 40.
1252 4289 1275 4321 n.
1291 4274 1330 4320 32.

267 4361 293 4436 δ)
310 4362 334 4411 V
347 4363 379 4410 at
392 4377 416 4410 v.
431 4364 454 4412 d.
472 4363 641 4411 emendatione
659 4367 721 4424 eget.

1175 4442 1214 4528 ρῢ
