3192 4902
691 205 902 290 »ll-

207 391 255 456 Ex
277 390 462 473 Hippocrate
490 395 563 454 haec
594 413 669 474 quse
694 396 790 455 adhuc
820 396 958 457 iacebant
989 398 1126 475 exempla
1158 400 1277 476 preesto
1302 396 1389 457 suntt

207 501 244 558 de
273 501 358 558 fruet.
391 499 450 562 vol.
474 499 595 558 XXIII.
615 519 647 576 p.
672 503 738 556 115.
762 519 827 559 ern:
863 493 930 558 όσοι
962 496 1010 559 erl
1042 499 1112 576 μίαν
1143 493 1162 578 ἢ
1191 494 1247 559 δύο
1279 491 1391 577 ἡμέρας

208 601 284 681 είρια
308 598 434 661 ἐπιδέειν
456 597 630 672 δικαιέουσι,
653 601 695 660 ib.
718 621 745 676 p.
773 606 841 660 116.
866 622 912 662 ex.

209 722 356 780 Omnibus
397 740 471 799 quos
511 720 599 779 attuli
643 720 715 779 locis
762 718 899 779 δικαιοῦν
936 723 1019 784 velet
1057 742 1202 801 „aequum
1242 725 1390 782 censere“.

208 825 256 882 Ex
286 825 341 883 hec
371 823 492 882 notione
524 821 611 880 facile
640 823 797 882 deducitur
820 823 866 882 vis
888 824 1033 900 puniendi
1048 823 1084 902 ¹),
1116 844 1202 903 quum
1226 826 1281 883 hoc
1303 843 1417 894 roce-¹

209 927 311 985 bulum
334 926 433 984 induit
454 927 545 985 Thus.
569 925 620 984 ΙΙΙ
637 929 687 998 40,
705 932 739 984 4:
762 920 936 1001 πειθόμενοι
961 921 1014 1001 μέν
1036 922 1100 1002 ἐμοί
1124 920 1160 984 τό
1183 946 1214 984 τε
1236 925 1338 984 δίκαια
1361 923 1392 995 ές

212 1028 437 1104 Μυτιληναίους
459 1024 510 1084 καὶ
532 1022 568 1084 τό
591 1021 732 1105 ξύμφορα
754 1020 816 1104 όίμα
838 1022 983 1104 ποιήσετε,
1017 1021 1111 1099 όίλλοις
1133 1024 1165 1088 δέ
1187 1021 1307 1107 γνόντες
1329 1031 1392 1098 τοῖς

211 1129 263 1208 μὲν
286 1126 323 1190 οὐ
347 1133 505 1208 χαριεῖσθε,
528 1121 610 1205 όμᾶς
633 1125 665 1188 δέ
688 1122 799 1200 αότοός
822 1131 933 1205 μᾶλλον
955 1125 1202 1208 δικαιοίσεσθεῖ).
1249 1132 1391 1192 Ηοτοδ.Ι

214 1241 283 1308 100,
308 1240 345 1293 8:
376 1232 405 1292 εί
424 1255 489 1291 τινα
512 1227 699 1291 πυνθάνοιτο
723 1225 895 1309 ὑβρίζοντα,
923 1235 1030 1293 τοῦτον
1060 1228 1138 1303 ὅκως
1161 1230 1388 1310 μεταπέμψαιτο

210 1330 273 1396 κατ’
296 1329 381 1411 οίξίηυ
404 1330 530 1394 ἕκαστον
553 1329 737 1410 ἀδικήματος
759 1333 905 1395 ἐδικαίενε
934 1338 983 1396 ΙΙΙ
1008 1344 1057 1410 29,
1076 1342 1123 1397 12.
1168 1337 1244 1397 Plet.
1267 1337 1287 1397 l.
1310 1337 1330 1397 l.
1346 1370 1388 1382 —

212 1442 299 1517 Apud
323 1439 447 1499 Aristot
473 1444 573 1498 1136Ι
599 1443 646 1497 18.
670 1443 720 1498 26.
744 1444 795 1497 22.
818 1437 1016 1498 δικαιοῦσθαι
1037 1447 1123 1499 sonet
1145 1441 1233 1514 ,iusta
1255 1441 1338 1517 peti‘.

213 1542 349 1621 Denique
376 1543 413 1602 of.
435 1541 517 1600 Suid.
540 1563 562 1600 s.
585 1561 653 1600 v.v.
683 1539 832 1614 δικαιοῦν,
856 1538 1007 1616 ἐδικαίου,
1039 1536 1274 1619 ἐδικαιιόθησαν,
1298 1544 1391 1602 Bern-

213 1645 320 1723 hsrdyi
343 1645 558 1716 adnotationes,
581 1644 761 1720 interpretes
783 1646 820 1703 sd
844 1644 935 1704 Thuc.
959 1646 1037 1728 VIII
1061 1652 1111 1706 66.

298 1765 427 1823 Verbum
451 1757 768 1838 ἐμπαλαίσσεσθαι
791 1764 940 1840 reperitur
962 1768 1041 1841 apud
1064 1767 1175 1826 Herod.
1192 1767 1253 1827 VII
1271 1771 1320 1839 85,
1341 1770 1392 1826 12:

214 1865 244 1926 ολ
265 1862 295 1926 δέ
319 1864 351 1926 ἐν
373 1863 468 1945 ἐρκεσι
492 1859 744 1942 ἐμπαλασσόμενοι
768 1865 997 1944 διαφθείρονται
1030 1875 1060 1928 et
1082 1869 1174 1928 Thus.
1201 1868 1261 1928 VII
1285 1873 1333 1942 84,
1357 1874 1393 1929 3:

214 1968 246 2029 ol
265 1967 401 2046 πολέμιοι
424 1966 601 2044 ἐπικείμενοι
623 1963 751 2045 χαλεπήν
781 1963 840 2046 ἤδη
863 1965 917 2046 τὴν
940 1963 1081 2046 διάβασιν
1104 1967 1235 2030 ἐποίουν.
1281 1964 1393 2048 ιἰθρόοι

211 2067 268 2152 yde
297 2067 533 2151 ἀναγκαζόμενοι
567 2075 672 2149 χωρεῖν
702 2067 863 2132 έσέπιπτόν
892 2093 921 2130 τε
951 2067 1086 2150 ἀλλήλοις
1114 2070 1165 2132 καλ
1196 2065 1390 2147 κατεπάτουν,

212 2175 280 2253 περί
309 2195 339 2234 τε
370 2179 432 2245 τοῖς
463 2174 612 2253 δορατίοις
642 2172 692 2233 καλ
721 2168 854 2234 σκεύεσιν
876 2173 908 2234 οί
928 2171 982 2252 μέν
1005 2169 1100 2246 εόθός
1122 2174 1339 2255 διεφθείροντο,
1363 2173 1395 2234 οί

215 2275 246 2337 δέ
269 2270 524 2354 ἐμπαλασσόμενοι
546 2273 711 2356 κατέρρεον.
755 2278 881 2357 Utrique
903 2279 967 2339 loco
990 2280 1101 2356 optime
1123 2278 1274 2352 convenit,
1304 2299 1393 2358 quem

213 2383 304 2443 schol.
328 2383 366 2440 ud
387 2383 479 2441 Thuc.
504 2381 522 2441 l.
546 2380 564 2440 l.
589 2377 633 2459 (ολ
653 2376 685 2439 δέ
708 2374 963 2457 ἐμπαλασσόμενοι
995 2378 1154 2461 κατέρρεον
1176 2377 1242 2440 ἀντλ
1265 2382 1321 2440 τοῦ
1343 2378 1394 2456 ἐμ-

214 2479 389 2559 πλεκόμενοι
418 2480 613 2561 κατέπιπτον)
643 2489 673 2543 et
702 2485 808 2542 Aelius
829 2484 955 2561 Dionys.
985 2486 1063 2561 epnd
1087 2487 1220 2545 lluststh.
1251 2487 1297 2544 ed.
1321 2486 1347 2543 Il
1370 2485 1395 2541 ll

215 2592 274 2648 1⁰0
298 2609 327 2664 p.
353 2588 423 2647 527.
446 2587 516 2646 huie
538 2586 682 2647 vocebulo
705 2586 842 2646 tribuunt
864 2607 968 2646 sensus
991 2587 1173 2663 implicandi.
1218 2585 1283 2649 Quo
1306 2588 1393 2646 modo

214 2691 264 2750 ulii
287 2691 317 2749 id
341 2690 484 2766 ceperint,
507 2690 631 2749 discitur
658 2689 755 2748 exiis
786 2709 861 2768 quse
884 2689 915 2748 in
939 2690 1033 2766 Pupp.
1056 2691 1126 2750 edit.
1151 2689 1218 2749 mei.
1240 2691 1277 2748 sd
1299 2690 1392 2749 nnuc.

214 2793 235 2852 l.
257 2794 276 2853 l.
300 2799 401 2853 notatu
424 2798 509 2863 sunt;
543 2794 618 2851 udde
641 2793 771 2853 Lobeek.
794 2792 909 2869 pathol.
932 2792 1043 2868 proleg.
1067 2812 1097 2868 p.
1122 2796 1171 2852 88.
1193 2826 1235 2837 -
1258 2794 1396 2852 (istorum

214 2896 407 2955 Aelianus
430 2895 630 2972 compluribus
652 2894 725 2954 loeis
747 2887 944 2972 ἐμπαλασσειν
966 2894 1131 2972 usurpavit.
1154 2891 1188 2974 ⁴¹²)

301 3018 399 3078 Verbo
436 3011 598 3086 ἐξιέναι,
645 3014 713 3074 ubi
755 3016 800 3076 de
837 3014 980 3075 fluviis
1025 3020 1064 3074 et
1100 3014 1320 3091 paludibus
1357 3013 1397 3071 in

215 3118 335 3179 merie
356 3138 394 3178 se
417 3118 745 3178 exonerentibus
768 3118 918 3194 dixerunt,
950 3119 1153 3178 HerodotusI
1176 3123 1203 3191 6,
1221 3122 1250 3179 4.
1290 3121 1394 3188 180,5

289 3355 315 3424 1)
333 3359 363 3407 V.
383 3359 492 3407 classen.
518 3360 550 3406 ud
569 3360 646 3406 Thus.
665 3359 726 3406 VIII
750 3361 792 3419 66,
817 3361 840 3417 2,
864 3357 910 3404 ubi
932 3353 1067 3413 distulerunt
1092 3359 1161 3404 velet
1179 3358 1286 3418 ,poens‘.
1305 3381 1337 3391 -
1357 3353 1398 3404 Cf.

217 3443 338 3505 Krueger.
358 3451 383 3492 et
395 3445 470 3492 Stein.
489 3445 520 3492 ed
538 3445 656 3493 Herodi
676 3444 733 3493 100.
752 3471 786 3480 -
804 3443 870 3490 Suid.
889 3458 909 3490 s.
922 3458 946 3490 v.
966 3441 1092 3494 δικαιοῦνε
1112 3439 1225 3494 δικαιοῦν
1243 3434 1291 3493 bric
1308 3439 1397 3504 δηλοῖ·

216 3526 245 3581 τό
264 3545 292 3580 τε
309 3524 425 3591 κολάζειν
443 3528 488 3581 καλ
505 3526 533 3581 re*
553 3527 650 3582 δίκαιον
668 3528 783 3594 νομίζειν.
820 3521 902 3586 uiroc
919 3523 1067 3592 Ἡρόδοτος.

285 3615 311 3679 2)
328 3619 445 3666 Formam
470 3617 577 3665 medium
603 3621 688 3664 contre
705 3617 793 3664 Elmsl.
818 3616 861 3679 (ud
881 3614 966 3674 Eurip.
985 3615 1050 3663 Med.
1071 3615 1111 3664 93.
1131 3629 1155 3674 p.
1175 3615 1228 3672 si.)
1247 3611 1339 3674 optime
1356 3612 1398 3658 de·

220 3702 296 3749 tendit
314 3705 458 3751 Buttmann.
477 3703 649 3763 ,Sprurblehre
667 3703 716 3748 11²
735 3702 822 3762 5113,
842 3703 857 3749 6
875 3716 900 3762 p.
920 3701 969 3749 86¹.

284 3802 309 3870 l)
327 3807 419 3854 lterum
447 3811 534 3853 contre
556 3807 711 3866 Kruegerurn
737 3805 798 3853 mihi
823 3804 986 3864 pugnandum
1010 3807 1055 3865 est,
1085 3817 1141 3850 eum
1166 3796 1304 3865 ἐνάγειν
1327 3798 1398 3846 verbi

217 3892 342 3939 notionem
368 3891 514 3952 impellendi
539 3892 658 3939 incitandi
685 3892 751 3938 intre
776 3889 898 3938 Herodoti
923 3894 947 3936 et
965 3888 1116 3950 Thucydidis
1138 3886 1235 3936 dicendi
1253 3899 1324 3932 usum
1342 3897 1399 3931 con·

216 3977 290 4024 tineri
307 3978 373 4025 dicut
389 3979 426 4043 (in
444 3980 501 4026 edu.
520 3979 552 4027 ed
570 3979 647 4028 Thus.
661 3979 674 4024 1
687 3977 731 4036 67)
747 3990 850 4037 eumque
863 3989 878 4022 ιι
891 3974 978 4023 ceteris
992 3973 1154 4034 scriptoribus
1167 3971 1256 4019 Atticis
1268 3970 1398 4018 abiudioet.

217 4063 296 4123 Igitur
312 4063 399 4112 Virum
416 4065 448 4112 D.
467 4066 535 4112 locus
554 4064 619 4113 Iseei
638 4063 709 4126 fugit,
728 4064 763 4110 11.
776 4066 825 4121 20..
844 4075 892 4121 quo
911 4061 1030 4122 legimus:
1054 4057 1135 4109 ταῦτα
1152 4054 1292 4120 τηνικαῦτα
1310 4051 1399 4118 ἐνῆγεν

217 4145 263 4212 ἐμὲ
281 4144 442 4214 ποιήσασθαι
457 4149 502 4214 (sc.
516 4145 588 4215 νλόν).
618 4149 666 4209 Qui
685 4163 744 4197 vero
763 4150 855 4196 suetum
873 4147 913 4205 sit,
932 4151 960 4194 ut
970 4145 1112 4193 Herodotus
1130 4140 1322 4204 eb'l'huoydidss
1334 4140 1399 4186 huno

216 4250 303 4282 vocem
330 4237 485 4296 frequentent
508 4251 587 4297 nsque
614 4238 716 4284 multum
734 4235 800 4282 absit
824 4235 883 4294 quin
908 4232 995 4291 reliqui
1014 4232 1147 4290 scriptores
1165 4229 1239 4276 Attici
1258 4226 1399 4294 exhibeant,

217 4323 306 4386 purtim
325 4336 338 4373 e
356 4323 462 4370 diversis
479 4337 541 4384 ques
559 4327 727 4372 tractaverunt
744 4321 818 4369 rebus
837 4325 919 4381 repete
937 4319 1027 4381 purtim
1045 4333 1058 4366 ο
1076 4331 1142 4366 cusu.
