3192 4902
701 171 914 274 -397

306 339 537 424 Προφέρειν
559 343 639 403 idem
660 347 750 423 etque
780 341 933 424 διαφέρειν
955 337 1134 426 ὑπερφέρειν
1156 344 1291 429 προέχειν
1313 354 1398 411 sonat

215 450 295 526 apud
318 449 430 510 Herod.
460 448 511 508 111
538 452 605 522 106,
632 452 685 509 12ι
714 440 751 505 τά
772 443 804 506 δὲ
835 445 957 528 δένδρεα
985 442 1021 508 τά
1052 442 1140 530 άγρια
1170 446 1282 512 αότόθι
1313 449 1397 532 φέρει

215 543 335 631 καρπόν
357 549 433 631 εἴρια
459 552 587 634 καλλονῇ
610 571 638 610 τε
665 547 857 631 προφέροντα
880 549 932 612 καὶ
955 544 1044 636 άρετχλ
1065 554 1125 612 τῶν
1147 548 1207 614 άπδ
1230 556 1291 614 τῶν
1313 551 1395 616 ὀίων.

216 655 242 714 V
267 659 316 728 28,
341 659 377 714 5:
405 645 425 730 ἡ
451 648 552 725 Νάξος
580 646 754 736 εὐδαιμονίῃ
782 655 841 712 των
870 649 970 731 νήσων
998 652 1153 736 προέφερε.
1177 658 1221 717 VI
1246 659 1315 734 127,
1339 665 1396 719 24:

215 749 333 839 πλοότφ
366 753 417 815 καὶ
448 754 522 816 εἴδεϊ
549 752 713 836 προφέρων
741 748 926 834 Ἀθηναίων,
958 761 1037 835 epud
1067 759 1198 840 Thucyd.
1221 762 1238 818 I
1263 765 1331 835 123,
1358 766 1392 822 1:

214 855 333 941 πλοάτω
364 878 394 917 τε
425 858 479 918 νῦν
506 857 557 918 καὶ
587 855 705 942 ίξονσίρι
736 843 836 939 όλίχον
868 856 1032 940 προφέρετε
1063 863 1112 939 (cf.
1136 864 1185 922 III
1209 869 1258 937 93,
1286 863 1327 942 3).
1362 867 1395 924 Π

217 969 266 1037 89,
290 969 328 1022 3:
355 957 486 1046 εόψνχίη
509 981 539 1042 γε
562 954 650 1022 οὐδέν
678 958 890 1043 προφέρουσιν.
914 964 976 1025 VH
1000 969 1049 1039 64,
1074 971 1110 1025 2:
1133 963 1162 1024 ελ
1181 964 1224 1036 τίς
1245 987 1273 1026 τι
1295 963 1394 1045 ἕτερος

214 1061 315 1144 έτέρον
337 1061 482 1145 προφέρει
504 1058 525 1142 ἢ
547 1058 694 1149 έπιστημη
717 1058 738 1142 ἢ
760 1061 900 1148 εὐψυχίᾳ.
938 1068 1001 1129 VII
1024 1068 1073 1140 77,
1096 1075 1132 1128 2ο
1163 1059 1286 1139 οόδενός
1308 1061 1394 1145 ticcio

214 1160 284 1228 οὔτε
305 1163 393 1251 δάμη
415 1163 600 1248 προφέρων.
618 1214 625 1230 .
642 1215 649 1228 .
667 1214 673 1227 .

212 1273 295 1332 Haec
317 1272 402 1332 verbi
416 1271 593 1345 significatio
605 1272 756 1333 interdum
771 1275 849 1350 epud
865 1277 966 1350 poetas
983 1274 1085 1353 Eurip.
1101 1277 1181 1335 Med.
1197 1280 1287 1354 1092,
1304 1296 1392 1353 saepe

211 1377 291 1451 apud
314 1375 392 1436 Osse.
415 1375 452 1436 D.
475 1375 612 1436 occurrit.
635 1370 665 1455 ἢ

298 1473 491 1557 Σπέρχειν
512 1479 636 1538 verbum
659 1499 676 1538 e
698 1477 794 1555 poetis
816 1483 869 1539 eut
890 1480 926 1538 ub
942 1479 1097 1540 Herodoto
1119 1480 1308 1559 Thucydides
1328 1502 1392 1541 mu·

211 1584 311 1640 tuetur
334 1585 394 1655 est3
425 1583 503 1660 quod
532 1580 558 1639 si
586 1600 646 1640 nou
676 1581 775 1658 ipsum
806 1586 936 1641 attamen
958 1581 991 1641 in
1013 1584 1184 1660 compositis
1208 1581 1392 1663 ἐπισπέρχειν

212 1684 256 1750 IV
282 1687 330 1757 12,
355 1688 381 1757 1,
405 1679 616 1762 κατασπέρχειν
637 1684 682 1742 IV
707 1688 777 1758 126,
802 1691 819 1742 6
843 1685 922 1760 epud
945 1704 1012 1744 eum
1035 1692 1193 1763 comparet.

212 1788 258 1846 Ex
280 1788 431 1847 Herodoto
459 1787 588 1863 primum
611 1788 702 1846 effero
724 1789 774 1846 111
796 1786 845 1860 72,
866 1793 900 1847 2ο
929 1783 1003 1866 λέγει
1032 1782 1108 1867 πρός
1139 1790 1232 1848 ταῦτα
1249 1783 1388 1866 Ὀτάνης,

211 1881 314 1967 ἐπειδὴ
337 1883 402 1968 ὅρα
423 1882 622 1968 σπερχόμενον
644 1893 773 1970 Δαρεῖον
795 1892 854 1949 κτλ.

210 1993 357 2052 Secuntur
390 1993 413 2051 ii
446 1992 504 2053 loci
538 1993 647 2072 quibus
684 1989 864 2071 σπέρχεσθαι
904 1993 1057 2054 notionem
1093 1994 1242 2056 irascendi
1277 1996 1391 2057 induit:

209 2096 225 2154 I
256 2101 305 2169 32,
338 2101 372 2156 3:
406 2096 537 2176 Κροῖσος
568 2091 600 2154 δέ
631 2093 788 2174 σπερχθεὶς
819 2087 888 2156 εἷπε.
935 2097 962 2156 V
991 2103 1041 2171 33,
1075 2101 1129 2158 18τ
1161 2091 1256 2176 κάρτα
1290 2091 1390 2157 δεινόν

210 2190 371 2275 ἐποιήσατο
395 2190 413 2258 ό
435 2191 621 2278 Μεγαβάτης
643 2197 695 2257 καὶ
718 2195 871 2278 ἐσπέρχετο
894 2201 936 2280 τῷ
954 2193 1161 2283 Ἀρισταγόρῃ.
1189 2201 1251 2274 VH
1266 2200 1338 2278 207,
1354 2201 1388 2261 7:

210 2304 286 2360 τοῖσι
318 2297 372 2377 μέν
403 2321 457 2360 ννν
484 2295 595 2361 άλλοισι
620 2301 883 2378 Πελοποννησίοισι
911 2296 1010 2362 ἐδόκεε
1034 2299 1156 2362 ἐλθοῦσι
1180 2299 1211 2373 ές
1234 2298 1388 2364 Πελοπόν-

93 2463 95 2470 ,
207 2420 300 2480 νησον
337 2398 389 2464 τόν
417 2396 539 2480 Ἰσθμόν
570 2401 644 2480 έχειν
676 2401 707 2464 έν
736 2407 867 2488 φυλακῇ.
918 2404 1074 2482 Λεωνίδης
1107 2401 1140 2465 δέ
1174 2403 1306 2466 Φωκέων
1336 2405 1385 2466 καὶ

207 2508 340 2586 Λοκρῶν
356 2503 632 2587 περιοπερχθέντων
644 2509 672 2584 1)
694 2508 730 2590 τῇ
748 2500 852 2590 χνάμη
875 2501 966 2590 ταάτη
990 2501 1085 2568 αὐτοῦ
1103 2506 1200 2584 μένειν
1215 2507 1386 2586 ἐψηφίζετο.

207 2611 266 2672 Hic
295 2612 360 2688 ipse
389 2612 564 2673 vocabulum
591 2607 725 2690 σπέρχειν
756 2610 891 2686 cpoetis
920 2630 982 2670 non
1003 2611 1124 2674 videtur
1147 2613 1296 2685 ascivisse,
1321 2635 1388 2672 cum

206 2714 408 2787 Phevorinus‚
437 2697 614 2793 quemquem
643 2714 707 2774 eius
738 2713 943 2773 auctoritatem
972 2735 1033 2774 non
1055 2716 1182 2774 multum
1204 2716 1303 2776 velere
1326 2736 1387 2786 non

206 2817 329 2893 ignoro,
360 2819 480 2878 doceat:
513 2813 672 2897 σπερχθεὶς
702 2809 768 2876 άντὶ
799 2818 852 2876 τοῦ
885 2813 1046 2892 θυμωθεὶς
1074 2813 1125 2876 καὶ
1153 2814 1312 2897 ταραχθεὶς
1344 2815 1387 2878 λέ-

206 2935 312 2999 χοοσιν
323 2911 434 2990 Ἴωνες.
479 2920 522 2982 uf.
546 2920 667 2996 Gregor.
691 2920 824 2981 Corinth.
847 2941 877 2997 p.
900 2927 973 2983 499.
996 2921 1111 2981 Sohaei.

273 3155 302 3222 ⁸¹)
319 3159 432 3208 Verbum
456 3155 612 3222 ῥύεσθαι
637 3159 702 3219 quod
726 3159 832 3219 legimus
856 3161 923 3221 upud
950 3161 1024 3208 Thuc
1043 3161 1067 3206 V
1085 3163 1125 3219 63,
1145 3165 1174 3210 3:
1207 3147 1338 3226 δ(Ἀγις)
1356 3157 1386 3214 δὲ

206 3248 343 3311 παρῃτεῖτο
360 3240 441 3309 μηδὲν
458 3239 554 3295 τοάτωι
572 3241 646 3307 δρᾶν·
667 3240 734 3310 έργῳ
752 3239 801 3310 γάρ
820 3237 912 3313 circini
932 3240 1040 3310 discitur
1057 3240 1104 3303 τάς
1121 3243 1205 3303 αἰτίας
1218 3245 1386 3311 στρατευόμε-

207 3346 254 3390 νος,
272 3345 420 3392 quamquem
438 3346 468 3378 ex
485 3331 516 3378 iis
535 3335 573 3378 est
590 3343 653 3389 quus
670 3331 760 3391 reliqui
777 3332 909 3392 scriptores
927 3332 1003 3379 Attici
1021 3346 1071 3379 non
1090 3336 1181 3390 emunt,
1203 3332 1344 3402 Herodotus
1362 3338 1386 3380 et

205 3417 371 3478 Hippocrates
389 3421 486 3476 emant,
511 3421 594 3463 tumen
621 3431 634 3463 e
656 3431 759 3465 numero
776 3430 865 3463 vocum
889 3415 963 3464 nobis
981 3417 1187 3464 recensendurum
1205 3417 1386 3464 excludendum

205 3508 251 3550 est.
286 3503 433 3550 Rectissime
457 3502 522 3550 enim
545 3502 623 3548 sochi.
650 3499 687 3566 (in
708 3503 764 3549 udn.
784 3502 816 3549 ud
834 3502 911 3549 Thuc.
929 3503 946 3548 l.
964 3501 994 3566 l.)
1018 3507 1105 3549 contre
1123 3502 1264 3550 Dobrueum
1281 3508 1306 3550 et
1323 3503 1385 3551 Her·

205 3588 346 3636 werdenum
363 3588 458 3636 monuit
475 3588 522 3636 hoc
540 3587 643 3634 verbum
660 3587 755 3647 Agidis,
773 3603 823 3634 non
841 3587 991 3648 Thucydidis
1009 3601 1071 3635 esse.

274 3673 389 3722 Ceterum
405 3675 499 3722 Stehlio
519 3671 593 3739 (1.1.)
619 3679 644 3721 et
669 3673 845 3722 Eutheriordio
871 3669 913 3740 (ad
929 3673 1023 3734 Phryn.
1048 3688 1072 3733 p.
1093 3669 1385 3739 lutomiricensis

206 3759 367 3821 scriptoribus
392 3774 482 3820 prosus
510 3759 628 3806 cretionis
645 3760 742 3808 Atticae
768 3773 869 3819 prorsus
892 3758 1041 3818 abiudicent,
1059 3759 1157 3807 videtur
1181 3774 1231 3808 non
1249 3761 1385 3808 innotuisse

204 3845 322 3906 Hyperid.
340 3846 457 3906 upitcpn
474 3860 499 3905 p.
519 3847 559 3894 54.
577 3860 603 3892 v.
623 3846 664 3892 15.
682 3841 758 3910 (Bit)
776 3844 819 3891 ubi
837 3844 983 3905 certissimo,
1001 3849 1070 3904 puto,
1089 3847 1259 3905 supplemento
1278 3845 1383 3903 legitur:

204 3922 286 3988 οὕτως
309 3928 353 3982 καὶ
379 3925 397 3994 ἡ
415 3925 488 3988 πόλις
506 3926 582 3994 ἡμῶν
600 3929 714 3982 διατελεῖ
728 3925 788 3987 τοὺς
806 3925 851 3994 μὲν
869 3925 965 3987 κακοὺς
983 3926 1127 3990 κολάζουσα
1144 3925 1205 3986 τούς
1223 3925 1252 3980 δὲ
1270 3927 1384 3988 δικαίους

205 4012 348 4082 oiuooooi·

271 4101 297 4166 1)
310 4102 359 4149 Pro
368 4103 479 4150 codicum
488 4095 851 4168 ωοωοτίιπερισπερχεόντωι,
860 4102 925 4160 quod
933 4101 1037 4150 verbum
1045 4101 1131 4149 eodum
1139 4101 1213 4149 modo
1221 4101 1253 4148 eb
1262 4101 1383 4149 adiectivo

202 4182 375 4254 περισπορχής
401 4190 500 4236 ductum
524 4201 579 4236 esse
603 4188 688 4234 dicunt
713 4201 761 4246 quo
780 4187 853 4234 modo
872 4185 1009 4238 λυσιτελεῖν
1027 4201 1042 4234 e
1060 4181 1209 4247 incitetis,
1228 4180 1331 4252 ἀσεβεῖν
1350 4189 1382 4236 ολ)

203 4266 311 4348 ἀσεβής,
336 4289 391 4322 cum
410 4273 573 4322 Valckenario
591 4269 824 4346 περισπερχδέντων
843 4273 917 4323 scribi
935 4274 1009 4334 melo,
1036 4272 1127 4344 quippe
1145 4285 1201 4319 cum
1218 4273 1291 4337 huius
1309 4274 1380 4334 verbi
