3192 4902
706 187 918 271 ‘⁸¹20‘ss

305 374 511 450 Δικαιοῦν,
554 384 589 440 ut
618 381 752 455 Krueger
794 379 827 439 in
867 381 1017 454 grammat.
1049 399 1091 456 gr.
1115 381 1158 444 11.
1188 383 1203 456 §
1228 377 1277 440 55.
1311 377 1401 439 3.15

219 485 314 558 docet,
336 482 456 542 dialecti
478 481 597 542 Ionicae
621 488 651 541 et
671 482 804 542 Atthidis
827 482 1001 543 vetustioris
1024 483 1176 560 proprium
1200 503 1272 557 esse,
1304 503 1403 560 opere,

220 607 308 664 quam
331 584 527 661 scriptoribus
550 604 603 662 pro
626 585 708 644 virili
732 590 816 660 parte
840 584 965 656 navari,
990 605 1048 644 non
1073 605 1191 662 possum
1216 605 1274 645 non
1298 586 1403 644 confir·

219 708 307 748 mare.
350 691 395 748 Ao
417 707 455 746 ne
477 688 562 746 Plato
586 687 706 766 quidem
732 689 789 747 hoe
811 689 936 746 verbum
959 688 1017 749 sibi
1039 688 1164 766 sumpsit
1189 689 1246 747 nisi
1269 687 1402 766 seme11)

219 791 250 849 in
275 790 364 865 Legg.
387 810 416 867 p.
435 796 506 849 934.
520 794 560 850 A:
585 788 672 865 δίκην
694 786 817 859 ἕκαστος
839 784 1059 869 προσεκτνσάτω
1083 783 1137 867 ούχ
1167 787 1252 849 ἕνεκα
1275 772 1403 848 τοῦπα-

221 894 385 971 κοαργῆσαι
415 885 517 962 διδούς
539 886 593 969 την
616 891 717 970 δίκην,
750 895 804 951 τοῦ
836 885 861 950 δ’
885 889 926 962 εἰς
958 887 1010 952 τόν
1032 880 1124 962 αὖθις
1146 889 1232 952 ἕνεκα
1254 885 1404 970 χρόνονῆ

219 988 252 1055 ro*
275 989 420 1074 παράπαν
450 997 571 1071 μισῆσαι
602 989 656 1072 την
684 989 805 1054 άδικίαν
836 989 930 1054 αὐτόν
959 1015 989 1054 τε
1020 992 1071 1054 καῖ
1102 988 1172 1065 τοῦς
1202 989 1321 1066 ἰδόντας
1352 988 1404 1053 αῦ-

219 1091 273 1156 τδν
295 1090 554 1174 δικαιούμενον,ἢ
570 1140 674 1156 .....
685 1143 693 1170 ,
725 1098 777 1158 ubi
808 1117 842 1158 eo
865 1099 963 1158 minus
985 1099 1117 1158 offendat
1139 1099 1306 1177 quisquam,
1338 1118 1404 1157 curn

219 1201 252 1260 in
288 1202 344 1260 hoc
374 1219 463 1276 opere
494 1199 582 1260 ctiam
620 1200 678 1260 alia
714 1201 807 1259 multa
837 1201 935 1259 inesse
973 1221 1048 1281 quue
1085 1203 1122 1260 ab
1150 1201 1253 1260 Attica
1285 1200 1405 1260 dicendi

221 1302 434 1364 consuetudine
473 1304 654 1362 abhorreant
691 1322 780 1379 supra
811 1302 983 1364 dixerimus.
1032 1303 1067 1363 V.
1101 1305 1244 1378 Krueger.
1275 1304 1312 1361 ad
1343 1303 1405 1361 He·

225 1408 286 1466 rod.
310 1407 327 1465 I
353 1411 422 1465 100.

221 1509 312 1569 Usum
349 1514 379 1568 et
418 1509 479 1568 vim
493 1509 521 1587 2)
562 1507 700 1568 vocabuli
739 1507 876 1567 δικαιοῦν
914 1513 965 1567 aut
993 1528 1115 1584 prorsus
1146 1509 1308 1568 convenire
1339 1529 1405 1568 cum

222 1607 326 1682 άξιοῦν
338 1613 382 1691 ³),
417 1613 495 1690 quod
516 1614 641 1674 verbum
664 1614 743 1688 apud
768 1612 883 1670 Atticos
906 1611 1036 1671 invaluit
1064 1631 1202 1670 necnon
1225 1611 1303 1688 apud
1325 1611 1405 1670 rnu-

222 1715 357 1792 cydidem
379 1715 474 1773 multo
497 1715 661 1790 praevalet,
684 1720 736 1774 aut
757 1713 893 1792 proxime
914 1716 1069 1788 accedere,
1100 1735 1137 1774 ex
1160 1714 1235 1790 ipsis
1259 1714 1405 1790 exemplis

175 1840 177 1842 ·
223 1818 387 1877 elucescet:
410 1817 541 1878 Thuo.I
569 1822 637 1891 140,
665 1823 696 1877 l:
727 1809 798 1886 τούς
827 1809 1085 1891 άναντειθομίνους
1107 1808 1192 1891 dcciv
1214 1815 1321 1874 δικαιοῖ
1343 1819 1406 1885 τοῖς

225 1921 311 2002 κοινῇ
334 1914 462 1993 δόξασιν,
485 1911 523 1995 ἢν
545 1910 604 1997 άρα
626 1941 653 1978 τι
675 1915 725 1978 καῖ
746 1911 958 1993 σφαλλόμεθα,
981 1921 1118 1998 βοηθεῖν.
1142 1919 1177 1977 II
1200 1923 1252 1992 41,
1277 1925 1313 1978 5:
1336 1915 1405 1996 περὶ

227 2019 366 2097 τοιαύτης
393 2015 507 2091 πόλεως
537 2019 599 2079 οἵδε
630 2021 772 2100 γενναίως
795 2020 979 2091 δικαιοῦντες
1012 2014 1053 2097 μη
1076 2016 1282 2098 ἀφαιρεθῆναι
1312 2013 1407 2097 αύτην

225 2117 386 2201 μαχόμενοι
408 2120 604 2200 ἐτελεύτησαν.
651 2130 701 2196 61,
724 2131 762 2184 4:
795 2121 826 2184 ἐν
855 2123 909 2206 ’ίσηι
939 2121 971 2182 οί
1001 2116 1161 2200 άνθρονποι
1183 2122 1332 2183 δικαιοῦσι
1354 2125 1407 2199 τῆς

224 2246 255 2286 τε
284 2217 475 2304 ὑπαρχούσης
506 2219 596 2302 δόξης
626 2224 780 2285 αἰτιᾶσθαι
812 2221 893 2296 ὅστις
922 2225 1051 2308 μαλακίᾳ
1074 2223 1193 2286 ἐλλείπει
1216 2223 1265 2284 καὶ
1288 2228 1341 2302 τῆς
1362 2220 1404 2302 μή

225 2322 436 2406 προσηκούσης
465 2333 562 2404 μισεῖν
590 2323 642 2388 τόν
664 2322 831 2408 θρασύτητι
853 2321 1039 2409 ὀρεγόμενον.
1088 2333 1137 2402 67,
1161 2337 1195 2390 4:
1225 2321 1404 2388 άπέκτειναν

224 2426 410 2501 πάνταςκαὶ
433 2429 463 2502 ἐς
485 2424 641 2510 φάραγγας
663 2427 802 2508 ἐσέβαλον
825 2431 1010 2502 δικαιοῦντες
1032 2435 1093 2501 τοῖς
1116 2426 1221 2502 αύτοῖς
1236 2424 1418 2508 άμύνεσθαι

229 2525 332 2613 οἷσπερ
355 2530 406 2592 καλ
429 2531 460 2594 οἱ
480 2526 716 2610 Λακεδαιμόνιοι
742 2526 930 2614 ύττῆρξανέ).
976 2535 1024 2607 71,
1052 2540 1086 2594 4:
1116 2530 1237 2613 λέγομεν
1259 2526 1332 2610 ύμῖν
1354 2531 1408 2594 ἐᾶν

227 2635 320 2697 οίκεῖν
343 2629 425 2714 (τούς
450 2633 633 2714 Πλαταιέας)
656 2631 845 2714 αὐτονόμους
867 2631 1006 2714 καθάπερ
1026 2636 1202 2707 Παυσανίας
1225 2634 1405 2698 ἐδικαίωσεν.

224 2742 269 2801 IV
292 2747 342 2813 64,
367 2747 400 2802 2:
432 2733 502 2810 τούς
532 2733 637 2810 άλλους
666 2739 773 2800 δικαιοῖ
804 2733 896 2800 ταύτό
918 2760 967 2816 μοι
991 2741 1125 2816 ποιῆσαι.
1180 2745 1249 2814 12⁶2,
1275 2746 1309 2800 6:
1333 2731 1407 2817 εἶχεν

225 2835 244 2919 η
267 2836 394 2920 ἀλήθεια
423 2840 492 2922 περὶ
520 2844 573 2920 τῆς
604 2835 797 2913 ἀποστάσεως
825 2845 934 2918 μᾶλλον
966 2829 983 2925 ᾗ
1013 2839 1045 2902 οἱ
1063 2835 1220 2919 Ἀθηναῖοι
1245 2839 1406 2902 ἐδικαίουν.

226 2948 261 3008 v.
287 2952 337 3020 uc,
361 2953 390 3006 a
427 2951 496 3020 νοτ,
524 2951 549 3005 1.
583 2944 626 3004 vl
651 2951 742 3019 sec
775 2947 838 3008 v11
861 2953 910 3022 cu,
937 2953 962 3009 1.

226 3050 462 3109 Herodoteorum
495 3049 699 3125 exemplorum
733 3049 851 3127 copiae,
884 3070 972 3129 quam
1004 3049 1266 3124 Schweighaeuser
1296 3049 1408 3128 aliique

224 3152 256 3210 in
280 3151 384 3210 lexicis
406 3158 626 3227 congesserunt,
649 3152 724 3211 adde
739 3153 788 3211 Ill
813 3158 839 3227 8,
868 3158 922 3212 13:
948 3149 979 3211 οἱ
1000 3150 1080 3226 φίλοι
1102 3149 1153 3210 καλ
1176 3145 1262 3211 αύτοῖ
1284 3145 1338 3222 τάς
1359 3150 1407 3211 πί-

226 3272 289 3324 στις
310 3252 457 3314 δικαιεῦσι
478 3250 628 3331 σέβεσθαι.
655 3260 769 3330 19,13.
797 3261 845 3330 52,
863 3261 891 3317 6.
928 3255 1091 3329 1V154,7
1123 3255 1172 3314 IX
1190 3260 1238 3328 19,
1255 3260 1285 3316 4.
1308 3261 1359 3330 26,
1378 3260 1406 3314 2.

227 3457 407 3526 διαχρήσηται.
434 3460 548 3522 Xenoph.
562 3461 634 3508 Mem.
647 3461 681 3507 lV
695 3463 718 3520 2,
733 3463 779 3510 lt:
799 3456 888 3516 δείσας
906 3453 942 3524 μα)
962 3454 1135 3526 διαχρήσηται
1154 3455 1242 3512 ἑαυτόν
1261 3459 1407 3519 ostendunt,

228 3545 313 3592 omitto
331 3546 493 3593 recentiorum
511 3547 630 3606 exempla.
667 3547 754 3606 ltaque
772 3545 929 3606 Thucydides
947 3547 974 3596 ll.
993 3547 1018 3594 ll.
1037 3547 1118 3594 Attice
1135 3547 1232 3595 locutus
1250 3551 1295 3596 est.

297 3645 323 3712 1)
341 3648 426 3708 Neque
452 3647 517 3696 enim
542 3650 664 3698 advocare
685 3650 743 3697 licet
761 3651 839 3709 Legg.
858 3652 915 3698 714.
935 3649 972 3695 E:
999 3645 1159 3714 collocuti
1181 3665 1228 3700 που
1247 3645 1313 3700 κατά
1332 3644 1408 3714 φύσιν

226 3727 270 3783 τδν
289 3729 415 3796 Πίνδαρον
440 3723 510 3797 ἄγειν
536 3733 681 3785 δικαιοῦντα
704 3729 732 3786 τδ
760 3729 912 3801 βιαιότατον,
938 3728 974 3792 ui<
992 3731 1078 3799 φάναι,
1104 3735 1195 3796 quippe
1219 3735 1308 3794 quibus
1326 3735 1409 3782 verbis

228 3819 306 3866 verba
323 3819 425 3866 Pindari
443 3820 468 3866 in
487 3819 561 3881 Gorg.
581 3835 605 3880 p.
624 3824 683 3870 484.
701 3823 722 3868 Β
740 3821 842 3869 laudata
860 3821 1081 3881 praestringuntur.

298 3921 323 3986 2)
341 3925 380 3971 De
399 3938 448 3984 qua
465 3939 490 3971 v.
510 3924 576 3972 Suid.
597 3937 617 3972 s.
636 3939 661 3972 ν.
680 3921 803 3976 δικαιοῦν.

298 4028 324 4084 3)
343 4026 372 4072 V.
391 4028 538 4074 Boehmium
556 4027 588 4074 ad
607 4027 684 4074 Thuc.
703 4028 799 4076 11140.

296 4131 324 4187 4)
341 4129 414 4178 Hunc
432 4131 512 4177 locum
530 4131 550 4178 si
570 4131 752 4190 comparaveris
779 4145 833 4178 curn
852 4132 864 4178 1
882 4133 924 4193 42,
944 4134 972 4177 1:
999 4123 1110 4190 οίξιούτιο
1135 4133 1188 4187 τοῖς
1214 4124 1311 4194 ὁμοίοις
1336 4123 1411 4194 η’μοῖς

229 4207 389 4277 deducetur,
416 4217 548 4263 discrimen
573 4216 639 4275 qnod
658 4217 760 4264 classen
784 4216 923 4280 (adThuc.
943 4215 1034 4279 1140)
1057 4217 1122 4264 inter
1143 4210 1230 4276 άξιοῦν
1255 4221 1279 4264 et
1297 4211 1410 4266 δικαιοῦν

230 4301 315 4352 statuit
339 4315 389 4349 uon
417 4303 511 4350 servari
535 4302 673 4364 intelleges.
709 4303 740 4352 V.
757 4303 867 4352 eiusdem
885 4302 914 4352 V.
935 4303 966 4351 D.
992 4302 1176 4352 adnotationem
1194 4301 1320 4352 εδΤλιννο.
1338 4301 1409 4352 142.
