3192 4902
700 209 913 277 ...48...

216 392 340 460 verunt,
368 381 426 445 alia
448 406 477 462 p.
500 389 549 447 45.
572 386 670 448 adnot.
694 391 722 460 3,
745 392 774 460 4,
797 406 826 462 p.
843 391 893 448 46.
915 387 1014 448 adnot.
1038 385 1210 460 reieeimus,
1242 379 1300 446 alia
1322 405 1403 446 nune

217 468 381 561 reiciemus,
412 488 493 547 eliud
523 493 696 564 corruptum
726 494 779 548 est.
824 488 988 549 Reiciende
1010 494 1095 562 sunt,
1126 509 1192 547 cum
1221 490 1317 566 primo
1349 492 1400 548 ob-

216 597 284 650 tutu
306 595 447 668 appareat
468 610 631 666 pronomen
655 586 706 649 ύδε
729 593 765 649 ad
788 591 943 669 sequentia
965 598 1115 667 spectare:
1138 593 1217 650 Xen.
1238 594 1335 651 Anab.
1350 593 1403 652 ΙΙΙ

221 699 320 765 1,13:
344 684 451 751 ύποῖόν
473 713 503 751 τε
525 688 576 769 μὲν
599 686 637 770 δή
661 690 720 753 ἔστι
741 695 878 752 τοιοῦτον
901 685 975 771 ύναρ
999 691 1082 769 ἰδεῖν,
1106 690 1198 765 ἔξεστι
1221 697 1345 752 σκοπεῖν
1368 691 1401 753 ἐκ

217 798 276 854 τῶν
300 790 477 872 συμβάντων
500 789 571 871 perol
593 790 627 854 τύ
651 789 734 874 ὄναρ.
759 795 887 874 γίγνεται
910 789 966 875 γάρ
989 792 1068 855 τάδε.
1094 790 1190 865 εύθύς
1214 790 1399 872 ἐπειδὴ...

217 899 284 974 (lyr.
307 898 377 958 inst.
392 899 445 957 III
460 905 488 971 3,
505 904 564 959 35:
587 893 656 957 τάδε
679 894 711 956 δὲ
734 896 761 956 εἰ
783 890 823 975 μή
846 893 1001 976 τυγχάνετε
1023 892 1284 975 κατανενοηκότες,
1308 893 1400 958 ἀκού-

218 1018 303 1059 σατε·
341 994 396 1070 οὓς
428 994 483 1080 γάρ
497 1046 504 1060 .
520 1047 550 1060 ..
596 1002 774 1078 corruptum
808 1008 905 1061 autem
939 1021 1135 1080 marcumque
1169 1021 1232 1060 esse
1261 1002 1402 1078 Xenoph.

218 1107 308 1164 Mem.
323 1105 340 1162 1
357 1107 384 1176 7,
399 1109 432 1162 5:
456 1100 522 1178 ἐμοὶ
546 1099 598 1180 μὲν
620 1091 676 1162 ούν
698 1097 795 1163 ἐδόκει
817 1101 868 1162 καὶ
891 1105 944 1161 τοῦ
967 1097 1198 1176 ἀλαζονεύεσθαι
1222 1096 1402 1182 ἀποτρέπειν

218 1201 288 1276 τούς
310 1201 453 1276 συνόντας
477 1200 577 1264 τοιάδε
593 1201 800 1286 διαλεγόμενος
815 1207 953 1266 Dindorf.
967 1208 1061 1286 praef.
1078 1207 1148 1266 edit.
1167 1207 1262 1266 Oxon.
1279 1228 1308 1283 p.
1320 1208 1401 1280 VH„

217 1310 357 1369 Schenkl.
391 1310 666 1384 Sitzungsberichte
698 1311 725 1368 d.
748 1311 821 1370 kaie.
845 1311 939 1374 Alrad.
970 1312 997 1368 d.
1022 1311 1203 1369 Wissensch.
1232 1312 1329 1386 h.-ph.
1351 1310 1401 1369 Κλ.

218 1413 278 1472 vol.
294 1412 423 1472 LXXX.
446 1433 475 1490 p.
495 1417 562 1471 118.
585 1434 614 1489 p.
634 1416 703 1471 144.
727 1414 1014 1473 demonstraverunt.
1063 1414 1140 1472 Item
1171 1413 1307 1472 mutilum
1338 1433 1402 1471 esse

220 1515 298 1574 Xen.
322 1515 391 1591 Rpl.
416 1514 450 1574 L.
473 1515 541 1576 XV.
559 1520 593 1574 9:
637 1514 669 1571 αἳ
699 1510 731 1573 δὲ
761 1509 963 1591 τελευτήσαντι
998 1511 1079 1591 τιμαὶ
1112 1513 1227 1591 βασιλεῖ
1254 1512 1402 1586 δέδονται,

222 1617 292 1699 τῇδε
313 1611 473 1694 βούλονται
496 1616 607 1693 δηλοῦν
629 1615 661 1675 οἱ
681 1614 864 1696 Λυκούργου
887 1610 984 1693 νόμοι,
1007 1611 1053 1676 ὅτι
1076 1610 1128 1694 ούχ
1152 1610 1192 1688 οἷς
1214 1612 1402 1691 ἀνθρώπους

111 1800 113 1804 Ι
219 1713 277 1777 ἀλλ’
301 1711 342 1788 (ἀς
365 1713 466 1798 ἥρωας
488 1713 558 1789 τούς
581 1718 830 1795 Λακεδαιμονίων
851 1718 979 1796 βασιλεῖς
1002 1713 1250 1799 προτετιμήκασιν
1282 1721 1401 1796 Sauppe

219 1829 249 1882 et
271 1823 407 1882 Dindorl.
430 1823 463 1881 in
485 1823 726 1882 adnotationibus
750 1825 785 1881 ad
808 1824 836 1882 h.
860 1824 880 1883 l.
904 1825 1107 1882 ostenderunt.

305 1929 352 1986 Ex
367 1925 583 1985 recentioribus
598 1925 793 2001 scriptoribus
808 1926 962 2005 Polybius,
986 1925 1138 2000 Arrianus,
1164 1927 1318 2005 Appianus
1334 1945 1402 2001 pro-

220 2029 339 2091 nomina
370 2022 423 2086 ὅδε
445 2034 475 2088 et
498 2014 586 2097 οὗτος
615 2029 740 2088 alterum
770 2030 806 2086 ab
835 2030 928 2088 altero
952 2048 1011 2089 non
1034 2028 1230 2103 distinguunt.
1276 2027 1342 2091 (luo
1366 2030 1401 2086 de

220 2134 351 2191 Kaellrer
383 2130 564 2204 ,Quaestion
588 2132 624 2190 de
648 2131 814 2191 elocutione
837 2131 1011 2210 Polybiana‘
1034 2132 1149 2208 (Leipz.
1166 2132 1247 2191 Stud.
1264 2132 1325 2193 vol.
1341 2133 1401 2190 111.

220 2258 250 2314 p.
266 2234 352 2312 277.)
368 2235 568 2294 Grundmann.
585 2254 614 2310 p.
629 2239 678 2293 54.
702 2235 837 2294 Boehner
860 2254 889 2310 p.
902 2240 951 2293 32.
975 2235 1186 2294 disseruerunt.
1216 2235 1260 2298 cf.
1272 2234 1400 2310 Appian.

224 2338 325 2397 Mithr.
338 2342 387 2395 49.
402 2342 451 2398 68.
474 2370 516 2380 -
539 2337 607 2396 bell.
631 2336 687 2395 civ.
705 2337 746 2397 ΙΙ,
763 2341 813 2396 45.

308 2442 372 2499 Iam
394 2441 444 2498 hie
465 2439 546 2499 loeus
569 2446 614 2500 est
636 2445 669 2498 ut
691 2439 786 2498 dicam
809 2441 845 2498 de
869 2433 1400 2515 pronominedornellhuo.V13‚l:

224 2541 377 2618 Χαλκιδῆς
396 2535 499 2613 Νάξον
522 2533 631 2623 ρ’ύκισαν
650 2539 701 2600 καλ
717 2533 901 2612 ’Λπόλλωνος
912 2537 1091 2621 Ἀρχηγέτου
1109 2536 1221 2618 βωμύν,
1245 2536 1327 2611 ὅστις
1349 2544 1403 2601 νῦν

221 2644 275 2718 ἔξω
298 2648 351 2721 τῆς
373 2639 487 2714 πόλεώς
516 2642 603 2718 ἔστιν,
636 2638 804 2722 ἱδρύσαντο,
836 2640 879 2718 ἐφ’
915 2631 948 2726 ᾧ,
979 2639 1051 2703 ὅταν
1074 2642 1107 2703 ἐκ
1130 2645 1267 2714 Σικελίας
1289 2643 1402 2724 θεωροὶ

221 2747 339 2821 πλέωσι,
364 2750 483 2827 πρῶτον
506 2741 644 2806 θύουσιν.
680 2746 775 2822 Quod,
799 2768 864 2806 eum
888 2747 1043 2807 enuntiato
1066 2750 1102 2806 ab
1126 2767 1160 2806 eo
1184 2748 1313 2808 ordienti
1336 2752 1402 2806 sub-

221 2853 383 2912 stantivum
405 2844 509 2928 βωμύς
540 2851 704 2910 accuratius
736 2850 894 2909 definiatur
916 2851 958 2910 ita
980 2858 1014 2909 ut
1036 2871 1070 2910 ea
1093 2851 1242 2910 sententia
1265 2851 1400 2910 attributi

222 2957 299 3034 qnod
323 2955 433 3013 dicitur
455 2973 577 3012 munere
599 2955 750 3027 fungatur,
781 2953 945 3013 insolenter
974 2972 1027 3028 pro
1051 2946 1085 3022 ἀς
1114 2954 1243 3029 positum
1267 2974 1331 3012 esse
1352 2974 1399 3029 ap-

222 3063 315 3134 paret.
360 3060 402 3116 At
424 3056 556 3115 Stahlius
588 3055 651 3113 eius
672 3053 862 3114 insolentiam
884 3074 1038 3115 removere
1060 3057 1118 3115 sibi
1142 3056 1223 3115 visus
1246 3064 1309 3134 est,
1338 3077 1401 3116 eum

221 3161 434 3236 interpretatus
453 3164 498 3217 est
521 3177 619 3231 „aram
641 3157 724 3216 illam
747 3177 807 3217 non
830 3177 918 3217 unam
941 3161 992 3217 sed
1016 3179 1081 3218 cum
1104 3159 1170 3218 aliis
1192 3165 1278 3219 extra
1301 3161 1402 3217 urbem

221 3263 331 3336 luisse3
353 3261 539 3320 imminutam
563 3261 642 3319 enim
659 3260 841 3336 Thucydidis
864 3267 997 3337 tempore
1019 3265 1122 3322 urbem
1145 3262 1237 3320 fuisse
1259 3281 1403 3337 apparere

222 3368 265 3426 ita
295 3373 329 3424 nt
360 3385 427 3441 pare
458 3383 607 3423 sacrorum
636 3383 710 3442 qnae
740 3369 827 3422 antea
857 3339 1094 3423 incaluissent
1124 3370 1185 3423 tum
1209 3372 1294 3423 extra
1316 3371 1401 3423 esset.

224 3473 329 3546 ltaque
357 3486 416 3545 non
447 3467 626 3542 singularem
656 3465 744 3524 unius
774 3485 840 3524 arae
868 3466 1004 3525 habitum
1035 3467 1181 3527 deseribi“
1208 3467 1403 3545 laudavitque

223 3571 329 3630 Matth.
354 3571 402 3629 Gr.
419 3569 469 3628 Gr.
494 3568 596 3647 §483.
608 3571 636 3628 b.
678 3570 829 3628 Kuehner.
854 3569 904 3628 Gr.
920 3569 970 3628 Gr.
995 3569 1095 3648 §554.
1114 3573 1141 3628 1.
1165 3571 1231 3629 adn.
1252 3575 1297 3630 1..
1337 3571 1403 3643 Sed,

223 3675 330 3745 hercle,
354 3672 490 3751 equidem
522 3692 579 3750 quo
602 3673 688 3731 modo
711 3671 761 3731 hio
784 3692 887 3730 sensus
910 3692 925 3730 e
947 3672 1047 3731 verbis
1070 3673 1187 3731 traditis
1210 3671 1278 3731 elici
1300 3673 1402 3748 possit,

225 3798 283 3837 non
307 3776 468 3850 intellego,
492 3794 589 3852 neque
613 3775 720 3834 Matth.
743 3775 1031 3853 etKuehner(1.1.
1055 3775 1122 3846 ll.)
1155 3777 1187 3834 id
1213 3782 1402 3851 praeceptum

222 3883 367 3939 dederunt
390 3899 448 3957 quo
472 3879 544 3936 haee
566 3877 774 3954 interpretatio
798 3880 1060 3950 commendaretur,
1091 3880 1142 3938 sed
1166 3879 1315 3954 expressis
1337 3899 1403 3938 ver·

222 3983 268 4042 bis
290 3982 478 4042 insolentiam
508 3980 590 4039 illem
621 3985 815 4054 agnoverunt.
862 3982 996 4040 Ceterum
1028 3981 1092 4055 lege
1123 4001 1198 4059 quae
1221 3981 1349 4041 classen.
1372 3982 1403 4039 in

223 4085 432 4145 commentario
462 4083 566 4142 critico
590 4084 626 4140 de
649 4083 792 4143 hocloco
816 4083 990 4159 disputavit.
1034 4086 1140 4162 Itaque
1164 4104 1265 4143 eorum
1287 4084 1403 4159 opinio·

223 4209 290 4249 nem
323 4208 415 4246 meam
445 4185 530 4258 facio,
562 4185 613 4263 qui
638 4190 744 4260 putant
761 4187 964 4264 Thucydidem
997 4189 1089 4247 verba
1115 4188 1151 4246 de
1175 4188 1283 4266 quibus
1305 4186 1403 4262 agitur

223 4312 261 4350 ex
285 4291 432 4350 Antiocho
456 4291 648 4366 Syracusano,
673 4309 759 4368 quem
782 4288 869 4349 initio
892 4289 962 4350 libri
990 4289 1068 4349 sexti
1091 4295 1209 4350 secutus
1231 4295 1286 4364 est,
1309 4297 1403 4350 trane·
