3192 4902
709 229 923 301 ...34-

227 409 354 471 Phaedr.
377 430 407 487 p.
430 411 502 470 276.
525 409 569 471 D:
599 406 642 481 εἰς
669 403 702 470 ro*
734 404 832 487 λὴθης
860 411 953 490 γῆρας
983 402 1036 469 ἐάν
1057 405 1158 486 ἱκηται
1188 409 1213 468 si
1236 412 1328 468 verba
1355 400 1407 468 ἐάν

226 513 327 591 ἱὶκηται
349 534 410 574 non
432 534 498 573 curn
520 513 664 573 Schanzio
687 515 813 574 delenda
835 518 913 585 sunt,
945 518 1077 573 atcerte
1099 517 1195 572 toturn
1217 515 1315 572 locum
1336 533 1407 588 poe·

225 619 285 678 tico
309 617 406 677 colore
429 617 555 677 tinctum
579 636 641 676 esse
665 637 730 677 cum
753 615 945 676 Stallbaumio
968 620 1075 677 statuo.

227 741 319 798 Porro
343 737 465 796 dubium
487 757 547 795 non
569 742 623 812 est,
647 737 719 816 quin
743 736 834 800 Thuo.
854 737 881 797 V
905 743 955 809 40,
981 741 995 795 1
1021 756 1036 795 e
1060 738 1143 796 codd.
1167 738 1192 794 Ε
1208 735 1231 792 F
1248 737 1280 794 Μ
1295 728 1405 811 ἥκοντα

223 842 244 902 i.
267 861 291 900 e.
316 827 392 916 ἡκον
413 833 448 898 τά
471 885 501 898 ..
528 839 733 916 recipiendum
756 839 804 900 sit.

224 962 371 1020 Remanet
401 966 499 1020 tamen
535 959 710 1019 vocabulum
743 957 893 1018 ἱκνεῖσθαι
924 960 955 1017 in
989 960 1121 1035 Thucyd.
1147 961 1165 1017 I
1193 965 1242 1032 99,
1267 964 1301 1019 3:
1334 951 1404 1037 χρὴ-

213 1067 302 1141 ’ματα
333 1055 472 1134 ἐτάξαντο
505 1054 570 1120 ἀντὶ
600 1063 659 1121 τῶν
681 1063 758 1121 νεῶν
784 1055 817 1120 ιδ
842 1055 1020 1137 ἱκνούμενον
1042 1056 1185 1137 ἀνάλωμα
1208 1057 1320 1140 φέρειν,
1342 1063 1404 1135 ubi,

223 1187 290 1226 eum
312 1167 345 1224 in
367 1165 507 1224 adiectivi
530 1165 591 1225 vim
607 1165 678 1238 abit,
694 1165 893 1240 ,conveniens
906 1165 936 1243 ¹)
951 1170 1044 1224 sonat.
1088 1165 1154 1223 Hoc
1176 1184 1293 1243 quoque
1314 1185 1403 1224 sensu

223 1291 240 1328 a
262 1288 396 1328 sermone
419 1269 596 1344 scriptorum
611 1268 780 1327 Atticorum
802 1287 924 1344 prorsus
946 1269 1093 1327 abhorret.
1137 1267 1214 1325 Nam
1237 1270 1317 1346 quod
1333 1268 1404 1326 olim

223 1372 369 1433 editiones
398 1370 429 1429 in
451 1369 632 1446 Xenophon.
657 1371 694 1428 de
716 1376 815 1430 venat.
837 1371 887 1429 IX
912 1377 949 1428 14
979 1373 1194 1446 praebuerunt:
1226 1369 1330 1429 διελεῖν
1351 1366 1404 1429 καὶ

222 1477 259 1556 τῇ
289 1472 394 1552 σειρίδι
419 1469 469 1531 καί
499 1474 539 1555 τῷ
570 1466 646 1556 ξύλῳ
673 1475 726 1549 τῆς
753 1474 808 1552 γῆς
830 1467 901 1531 ὅσον
922 1471 1040 1544 ἱξεσθαι
1064 1464 1186 1547 ἀμφοῖν,
1217 1475 1291 1532 haec
1312 1475 1402 1534 lectio

222 1577 391 1636 auctoritati
414 1576 555 1648 codicum,
578 1576 630 1654 qui
653 1576 797 1636 exhibent
811 1573 937 1650 ἱξεσθαι,
958 1577 1140 1651 refragatum
1164 1595 1240 1654 quae
1262 1577 1404 1637 memoria

221 1701 281 1740 non
303 1681 446 1739 tentanda
467 1684 522 1738 est.
1372 1677 1375 1684 '

221 1798 328 1881 Itaque
364 1800 539 1878 (Aristotele
576 1805 607 1858 et
637 1799 841 1876 Theophrasto
876 1799 1022 1876 exceptis)
1059 1800 1138 1859 solus
1151 1799 1179 1878 2)
1211 1799 1402 1876 Thucydides

221 1925 286 1964 cum
302 1904 453 1962 Herodoto
477 1908 507 1962 et
529 1901 713 1978 Hippocrate
734 1902 816 1975 facit,
837 1901 890 1984 qui
913 1899 1061 1960 ἱκνεῖσθαι
1084 1905 1183 1968 eodem
1208 1923 1296 1962 sensu
1312 1911 1402 1962 utun-

220 2018 268 2066 tur
290 2007 372 2064 hisce
393 2005 485 2064 locis:
515 2005 626 2064 Herod.
651 2007 683 2063 II
707 2011 756 2079 36,
780 2010 814 2064 4:
846 2008 920 2063 τοῖσι
952 1997 1064 2064 ἀλλοισι
1094 1998 1285 2083 ἀνθρώποισι
1308 1999 1403 2082 νόμος

220 2102 282 2180 ἀμα
303 2102 391 2184 κὴδεϊ
410 2100 559 2186 κεκάρθαι
580 2099 633 2176 τάς
655 2101 786 2181 κεφαλάς
808 2099 879 2176 τούς
902 2100 1025 2182 μάλιστα
1041 2104 1175 2166 ἱκνέεται.
1215 2109 1259 2171 VI
1283 2109 1332 2182 57,
1349 2115 1400 2169 22.

222 2217 271 2286 65,
297 2216 344 2284 13,
369 2216 426 2270 2οι
452 2208 635 2286 Λευτυχίδης
659 2204 804 2284 ἀπέφαινε
826 2201 878 2269 τύν
900 2205 1083 2288 Δημάρητον
1105 2206 1162 2270 ούκ
1186 2207 1399 2288 ἱκνευμένωςὶ)

220 2307 413 2392 βασιλεύοντα
437 2306 589 2390 Σπάρτης.
622 2319 671 2385 84,
689 2319 742 2373 13:
766 2309 933 2387 Κλεομένεα
955 2310 1073 2392 λέγουσι
1095 2316 1205 2389 μᾶλλον
1228 2316 1281 2374 τοῦ
1304 2311 1398 2373 ἱκνεο-

221 2414 313 2494 μένου
343 2419 454 2492 μαθεῖν
483 2409 536 2490 τὴν
566 2411 788 2494 ἀκρητοποσίην
811 2408 880 2495 παρ’
904 2410 1013 2498 αύτοῖν.
1060 2423 1098 2475 86
1116 2439 1144 2492 α,
1170 2422 1223 2477 11:
1247 2415 1278 2476 έν
1300 2411 1398 2499 χρόνῳ

220 2515 390 2600 ἱκνευμένῳ.
435 2520 482 2578 ΙΧ
507 2524 556 2591 26,
580 2525 637 2578 32:
669 2519 724 2578 τοῦ
756 2514 787 2576 δέ
817 2515 919 2597 ἕτέρου
948 2520 999 2598 (se.
1031 2515 1146 2598 κέρεος)
1178 2515 1277 2596 φαμέν
1306 2511 1401 2596 ἡμέας

219 2619 371 2682 ἱκνέεσθαι
402 2613 592 2701 ἡγεμονεύειν
629 2621 679 2700 (cf.
706 2642 736 2683 v.
761 2623 817 2683 37:
851 2620 969 2681 δίκαιον
999 2613 1092 2698 ἡμέας
1125 2620 1198 2699 έχειν
1232 2616 1265 2682 τά
1300 2620 1400 2701 ἕτερον

218 2722 329 2804 κέρας).
358 2759 401 2770 -
432 2725 609 2803 Hippocrat.
641 2727 678 2784 de
713 2745 780 2784 aere
818 2725 903 2804 aquis
942 2724 1014 2784 loeis
1049 2725 1109 2787 vol.
1141 2726 1230 2784 XXI.
1263 2747 1292 2802 p.
1327 2732 1398 2786 534.

218 2831 310 2888 med:
350 2822 569 2907 προγηράσκειν
599 2829 653 2886 τοῦ
681 2820 790 2906 χρόνου
820 2829 874 2887 τοῦ
906 2824 1099 2904 ἱκνεομένου,
1132 2831 1167 2887 de
1190 2831 1292 2889 morbo
1315 2849 1398 2889 sacro

217 2932 278 2990 vol.
289 2931 378 2992 XXI.
402 2951 430 3006 p.
450 2935 521 2990 610.
544 2932 604 2988 in.:
633 2930 828 3006 παρίστανται
857 2922 929 3006 ἡμῖν
960 2929 1117 3008 φροντίδες
1140 2926 1195 3007 οὐχ
1217 2925 1396 3007 ἱκνεύμεναι,

218 3035 255 3091 de
276 3033 392 3095 mulier.
415 3031 600 3092 morbis'lib.
622 3033 665 3091 II.
688 3054 718 3109 p.
743 3039 813 3095 312.
835 3034 893 3094 in.:
924 3027 998 3112 μάλα
1026 3034 1122 3094 πίνειν
1144 3032 1329 3112 ἱκνεομένως,
1360 3038 1397 3094 de

217 3138 301 3196 tract.
324 3138 383 3197 vol.
407 3136 529 3196 XXIII.
552 3156 580 3213 p.
609 3141 676 3196 134.
700 3138 792 3196 med:
816 3133 847 3194 έν
868 3139 909 3219 τῷ
929 3134 1089 3219 ἱκνευμένῳ
1111 3133 1218 3220 χρόνῳ.

215 3259 244 3316 Δ
276 3256 470 3333 scriptoribus
506 3256 634 3316 labentis
671 3257 841 3332 graecitatis
877 3257 956 3316 huno
993 3258 1129 3317 vocabuli
1160 3279 1245 3317 usum
1282 3258 1398 3318 instau-

216 3363 313 3418 ratum
345 3379 408 3418 esse
430 3360 598 3435 Stephanus
626 3359 659 3418 in
689 3362 827 3419 thesauro
850 3361 1062 3438 Wyttenbaeh.
1085 3363 1123 3421 ad
1144 3361 1222 3421 Plut.
1254 3364 1290 3421 de
1314 3364 1397 3422 educ.

216 3481 333 3537 pueror.
356 3482 384 3537 p.
402 3462 458 3519 60
480 3463 621 3522 Sebaefer
643 3464 679 3520 ad
703 3463 826 3536 Gregor.
850 3463 982 3522 Corinth.
1007 3484 1036 3539 p.
1055 3469 1125 3524 548.
1150 3464 1264 3524 Veitoh.
1287 3486 1317 3541 p.
1334 3471 1395 3524 333

217 3565 420 3623 ostenderunt.

216 3666 352 3725 Ceterum
376 3666 567 3745 Thucydides
588 3661 750 3747 προσὴκειν
773 3669 893 3748 quidem
915 3671 1107 3742 vocabulum,
1135 3673 1214 3749 quod
1240 3673 1319 3751 apud
1342 3675 1396 3731 nt-

286 3907 312 3972 1)
329 3908 421 3955 schah:
440 3901 470 3960 τδ
489 3904 630 3975 ἐπιβάλλον.

284 3993 310 4058 2)
327 3993 417 4053 Verba,
444 4008 507 4054 quae
531 3994 597 4054 apud
622 3995 748 4042 Demosth.
770 3993 856 4041 XLIII
875 3997 907 4044 66
932 4001 1029 4044 exstant
1055 3997 1081 4044 in
1108 3999 1207 4044 oraculo
1226 3998 1350 4058 Delphico
1369 3993 1395 4048 έν

214 4076 348 4145 ἱκνουμένᾳ
365 4072 450 4145 οἷμέρᾳ
469 4081 543 4140 paulo
560 4085 617 4139 post
634 4079 659 4143 (ξ
672 4079 724 4144 67.)
742 4080 773 4126 ab
791 4085 887 4128 oratore
906 4082 941 4128 sic
960 4083 1127 4141 explicantur:
1147 4079 1172 4133 ἐν
1190 4086 1247 4140 ταῖς
1264 4079 1394 4146 καὶδηκαύ-

215 4178 273 4222 σαις
289 4158 407 4229 ἡμέραις.

283 4246 309 4314 3)
327 4251 364 4300 Of.
383 4251 486 4310 Gregor.
507 4251 618 4299 Corinth.
636 4266 660 4311 p.
674 4252 732 4301 544.
751 4251 863 4300 Schuetz
882 4248 911 4303 τὸ
931 4247 977 4304 oda
995 4251 1147 4317 ἱκνεομένως
1164 4247 1220 4305 ἀντὶ
1237 4253 1280 4306 τοῦ
1299 4269 1395 4318 apocu-

213 4329 318 4396 κόνεως,
337 4329 367 4386 ού
385 4334 561 4404 καθηκίντως.
