3192 4902
680 1562 818 1632 CAPUT
840 1563 893 1632 IV.

293 1760 349 1829 Dc
377 1756 664 1830 constructione
691 1757 964 1828 nonnullorum
991 1758 1289 1830 enuntiatorum.

242 1907 273 1975 Ι.

286 2013 489 2092 Thucydidem
513 2014 658 2073 Herodoti
683 2006 811 2088 vestigia
828 2013 927 2087 legere
943 2013 1038 2072 tribus
1056 2013 1131 2073 iocis
1145 2014 1289 2086 videmus,
1312 2035 1377 2074 cum

198 2117 382 2189 vccabulum,
401 2137 458 2195 quo
475 2117 623 2175 sententia
637 2118 802 2189 incohatur,
825 2118 917 2175 verbo
932 2115 1101 2192 interpositi
1120 2117 1266 2176 enuntiati
1289 2111 1378 2196 σγύρ

199 2219 345 2296 particula
374 2218 546 2294 incipientis
575 2220 637 2293 regi
668 2219 748 2278 facit.
793 2219 838 2276 De
861 2238 920 2298 qua
942 2219 1134 2293 attractione,
1166 2239 1229 2278 cum
1254 2219 1379 2279 Brocch-

134 2301 136 2304 Ι
200 2340 327 2379 mannus
350 2321 405 2394 ,De
427 2315 482 2398 γάρ
502 2321 664 2395 particulae
679 2342 734 2379 usu
754 2322 935 2380 Herodoteo‘
950 2342 978 2398 p.
996 2327 1044 2380 62.
1061 2343 1109 2394 ss,
1132 2342 1190 2400 quo
1213 2322 1300 2381 modo
1319 2323 1379 2382 sin·
1418 2367 1422 2374 .

200 2423 286 2496 gulae
317 2423 485 2481 huiusmodi
516 2423 679 2481 sententiae
702 2424 889 2482 Herodoteae
920 2429 1000 2483 ortae
1024 2427 1100 2497 sint,
1129 2431 1264 2483 accurate
1287 2445 1379 2501 expo-

198 2524 300 2597 suerit,
323 2525 442 2600 ccpiose
464 2525 562 2582 dicere
585 2526 772 2599 supersedeo.
816 2525 895 2584 Illud
919 2531 1017 2585 autem
1039 2545 1268 2585 commemorare
1290 2527 1380 2587 liceat

199 2627 255 2685 duo
279 2645 343 2685 esse
366 2625 416 2705 qui
439 2627 498 2686 huc
520 2626 672 2701 pertinent
695 2627 825 2686 locorum
841 2628 1078 2686 Herodoteorum
1102 2647 1227 2702 genero;
1250 2648 1378 2708 namque

200 2729 364 2786 membrum
382 2728 455 2788 illud
475 2731 659 2801 antecedens,
684 2731 763 2808 quod
785 2730 904 2808 utrique
927 2731 1081 2789 enuntiato
1105 2750 1259 2789 commune
1282 2736 1381 2791 estet

198 2832 234 2888 ad
271 2831 523 2890 constructionem
547 2832 760 2890 enuntiationis
792 2832 917 2892 causalis
940 2833 1185 2906 accommodatur,
1212 2836 1379 2910 posthanc

197 2933 291 3008 ipsam
315 2939 366 2994 aut
387 2933 534 3009 repetitur
555 2954 608 3011 per
631 2925 721 3002 αύτός
743 2935 928 3011 pronominis
952 2953 1049 2994 cesum
1073 2935 1201 3014 aliquem
1225 2935 1377 3016 obliquum

198 3042 249 3096 aut
264 3036 520 3112 praetermittitur.
553 3037 666 3096 Prioris
680 3037 799 3112 generis
814 3039 887 3097 haec
903 3039 1074 3098 Herodotus
1090 3039 1215 3096 exhibet
1229 3040 1378 3115 exempla:

196 3140 375 3212 1114,10:
398 3129 441 3207 εἷς
464 3131 500 3213 δή
525 3133 637 3197 τούτων
659 3141 718 3198 τῶν
741 3138 870 3198 παιδίων
893 3138 1065 3216 συμπαίζων
1088 3135 1145 3198 loir
1161 3133 1379 3220 Ἀρτεμβάρεος

198 3242 269 3307 παῖς
292 3231 401 3317 ύνδρδς
423 3237 549 3315 δοκίμου
573 3237 605 3298 ἐν
628 3236 766 3316 Μήδοισι
789 3235 825 3300 ού
849 3235 905 3320 γείρ
930 3234 969 3318 δὴ
992 3239 1112 3317 ἐποίησε
1134 3235 1167 3299 ro*
1191 3238 1378 3319 προσταχθὲν
1423 3248 1425 3252 ’

199 3337 232 3400 ἐκ
254 3342 308 3400 τοῦ
332 3333 448 3420 Κύρου,
472 3337 584 3400 ἐκέλευε
606 3342 659 3421 (sc.
684 3342 798 3422 Κύρος)
831 3336 923 3402 αύτδν
952 3335 1024 3413 τούς
1054 3335 1160 3414 ἄλλους
1182 3342 1293 3413 παῖδας
1315 3343 1378 3403 δια-

179 3442 307 3522 λαβεῖν.
352 3444 484 3516 1V149‚
503 3449 534 3503 1:
566 3436 583 3503 o‘
606 3439 638 3503 δέ
661 3447 732 3515 παῖς
762 3441 799 3504 οὐ
823 3438 879 3525 γύρ
902 3441 961 3520 ἔφη
984 3442 1016 3504 οἱ
1035 3439 1284 3521 συμπλεύσεσθαι,
1318 3467 1378 3506 τοι·

198 3550 298 3629 γερῶν
320 3545 379 3626 ίφη
402 3539 495 3608 αύτδν
516 3545 705 3624 καταλείψειν
728 3540 776 3607 ι’ίιν
799 3545 831 3608 ἐν
853 3540 976 3607 λύκοισι.
992 3581 1034 3594 -
1049 3550 1147 3610 Alteri
1169 3551 1272 3626 generi
1294 3549 1379 3610 attri-

198 3651 316 3712 buenda
337 3657 407 3714 sunt
428 3653 519 3711 hoec:
547 3651 660 3712 Herod.
675 3653 693 3710 I
709 3657 757 3726 24,
777 3650 831 3711 17:
860 3647 911 3710 καὶ
933 3653 1009 3710 τοῖσι
1031 3647 1162 3710 ἐσελθεῖν
1185 3645 1240 3731 γύρ
1264 3643 1379 3727 ἡδονὴν

199 3749 229 3813 εί
249 3749 378 3829 μέλλοιεν
398 3745 586 3814 ιἰκούσεσθαι
614 3754 668 3812 τοῦ
698 3746 819 3833 οίρίστου
848 3745 1023 3832 ύνθρούπων
1045 3745 1162 3826 ύοιδοῦ,
1186 3748 1378 3832 ἀναχωρῆσαι

199 3852 232 3916 ἐκ
255 3857 308 3933 τῆς
329 3850 468 3940 πρύμνης
490 3853 520 3928 ἒς
543 3853 635 3934 μέσην
658 3852 720 3931 νέα,
743 3857 794 3917 ubi
817 3860 893 3917 τοῖσι
910 3878 936 3917 κ.
946 3877 970 3916 τ.
979 3859 1004 3918 λ.
1027 3877 1065 3917 ex
1088 3850 1158 3927 τούς
1174 3852 1304 3915 ἐσελθεῖν
1321 3848 1377 3935 γιίρ

199 3952 318 4019 αὐτοῖσι
339 3953 451 4039 ἡδονὴν
474 3965 539 4022 orta
561 3980 625 4021 esse
648 3964 739 4037 patet.
783 3961 957 4034 11101‚12
980 3960 1039 4018 τῶν
1062 3955 1094 4018 δὲ
1116 3950 1210 4018 ίίλλων
1233 3954 1379 4035 βασιλέων

199 4054 238 4122 ού
260 4055 316 4143 γιίρ
339 4059 438 4143 ἐλεγον
460 4058 604 4141 οὐδεμίαν
627 4060 721 4142 ἔργων
744 4056 896 4135 ἀπόδεξιν,
919 4055 983 4122 κατ’
1005 4054 1094 4122 ούδέν
1116 4053 1190 4120 εἶναι
1205 4054 1376 4141 λαμπρότη-

198 4185 248 4236 τος
270 4159 347 4244 πλὴν
369 4160 437 4236 ἕνδς
456 4169 510 4227 τοῦ
533 4160 657 4245 ἐσχάτου
680 4160 779 4224 αὐτῶν
802 4164 950 4246 Μοίριος·
981 4167 1088 4224 τοῦτον
1114 4159 1146 4223 δὲ
1169 4157 1378 4235 ἀποδέξασθαι

199 4291 226 4328 κ.
236 4291 259 4330 τ.
269 4272 294 4329 λ.
326 4271 373 4333 IV
391 4273 459 4344 149,
476 4271 510 4331 7:
533 4274 609 4330 τοῖσι
632 4265 663 4329 δέ
686 4266 717 4330 ἐν
740 4271 776 4352 τῇ
800 4270 881 4350 φυλῇ
903 4262 996 4352 ταύτῃ
1020 4262 1146 4346 ἀνδράσι
1169 4259 1205 4326 ού
1228 4260 1283 4346 γιίρ
1306 4257 1379 4324 ύπί-

198 4393 302 4457 μεινοιν
324 4367 361 4436 τύ
384 4369 483 4449 τέκνα,
511 4366 670 4456 ἱδρύσαντο
702 4369 734 4434 ἐκ
756 4370 947 4454 θεοπροπίου
965 4364 1116 4453 Ἐρινύων
1138 4372 1198 4430 τοῖν
1224 4368 1326 4430 Λαΐου
1348 4386 1378 4428 τε

1199 4479 1215 4536 5
