3192 4902
689 189 901 270 -cs-

206 395 266 460 quo
297 373 367 458 quid
397 376 446 439 vel
475 375 595 438 eveniat
616 375 665 439 vel
688 383 863 446 eventurum
886 381 925 441 sit
947 383 1130 459 cogitatione
1153 379 1385 444 adumbrandum

207 503 270 543 esee
300 479 481 553 declaretur,
510 480 576 556 ipsa
605 485 703 540 autem
735 502 782 541 res
814 503 867 560 per
899 485 1042 545 orationis
1064 489 1188 546 formam
1210 487 1332 546 minime
1354 488 1387 546 in

207 587 327 646 dubium
351 592 482 659 vocatur,
505 585 637 662 profecto
661 587 697 644 ad
717 585 880 645 animorum
905 589 1043 649 affectum
1068 609 1244 668 omnemque
1267 597 1385 650 seuten-

206 689 265 748 tiae
287 691 348 751 vim
370 709 431 748 non
453 689 577 747 nimium
600 689 740 760 interest,
770 692 870 748 utrum
901 690 927 748 ie
958 691 1008 770 qui
1038 689 1170 770 loquitur
1193 692 1327 751 adhibita
1348 685 1387 750 ἀν

206 793 351 868 particula
378 792 410 850 in
442 809 502 850 eam
536 791 746 865 cogitationem
769 789 936 852 audientem
959 793 1084 853 adducat
1114 813 1151 852 an
1175 793 1283 854 omissa
1305 814 1386 853 suam

207 901 336 955 mentem
356 895 388 953 in
411 914 446 953 ea
468 893 594 952 defixam
617 889 861 973 testificetur“¹).

207 999 312 1078 Neque
334 998 427 1074 igitur
449 1017 464 1055 e
488 997 604 1058 diverse
628 995 762 1070 consilio,
792 997 841 1056 aed
874 1017 890 1056 e
919 997 1036 1058 diversa
1059 998 1271 1058 consuetudine
1293 1001 1387 1060 Attici

207 1101 366 1177 scriptores
394 1092 431 1158 ἀν
461 1098 603 1176 posuisse,
635 1099 805 1158 Herodotus
828 1097 1028 1175 Hippocrates
1050 1107 1080 1160 et
1102 1101 1288 1178 Thucydides
1309 1103 1387 1161 haud

208 1221 275 1262 raro
293 1203 425 1263 omisisse
441 1201 565 1278 putandi
581 1199 695 1277 sunm).
719 1199 805 1264 Quod
821 1181 918 1261 autem
941 1203 1076 1261 nonnulli
1094 1203 1171 1278 apud
1187 1203 1254 1262 illos
1270 1209 1389 1264 exstant

207 1306 275 1380 loei,
299 1306 407 1385 quibus
430 1297 467 1362 ἀν
490 1305 581 1377 deest,
605 1321 707 1363 eorum
728 1303 780 1363 alii
804 1304 978 1363 emendandi
995 1309 1071 1377 sunt,
1095 1305 1145 1363 alii
1169 1305 1206 1364 ob
1229 1306 1302 1366 alias
1318 1327 1386 1367 ceu-

207 1429 253 1469 ses
275 1428 336 1467 non
359 1409 523 1467 offendunt.
567 1407 784 1466 Perlustremus
807 1406 988 1484 singulosss).

291 1513 316 1570 I.
354 1510 523 1594 Scribarum
546 1511 735 1586 neglegentia
756 1511 930 1586 particulam
952 1511 1090 1570 interisse
1113 1529 1183 1572 vere
1206 1515 1251 1572 eet
1273 1514 1387 1572 similli-

207 1635 287 1674 mum
310 1613 384 1672 Plat.
408 1614 518 1673 Phaed.
534 1634 562 1690 p.
579 1619 629 1672 62.
646 1614 685 1672 0:
699 1604 785 1682 Ἴσιος
806 1611 906 1670 τοίνυν
928 1605 1021 1695 ταύτῃ
1044 1606 1102 1670 ούκ
1127 1607 1234 1694 ἀίογον
1257 1610 1297 1692 μή
1313 1613 1386 1692 πρύ-

207 1737 291 1796 τερον
319 1707 411 1774 αύτδν
439 1709 653 1774 ἀποκτιννύναι
682 1713 744 1773 δεῖν
766 1711 837 1793 πρὶν
860 1707 1011 1792 ἀνάγκῃν
1034 1710 1099 1773 ravel
1123 1710 1196 1786 θεὸς
1218 1714 1386 1800 ἒπιπέμψῃ.

210 1822 286 1880 Plat.
310 1819 430 1878 Theaet.
452 1839 482 1895 p.
508 1823 577 1877 169.
601 1820 640 1878 B:
665 1810 715 1877 τίν
738 1810 942 1896 προσελθόντα
964 1811 1024 1876 οὐκ
1047 1813 1134 1894 ἀνίης
1156 1816 1227 1898 πρὶν
1250 1813 1388 1897 ἀναγκύ-

208 1940 263 2006 σῃς
285 1913 443 1990 ἀποδύσας
467 1918 497 1979 ἕν
520 1923 582 1989 τοῖς
603 1914 702 1998 λόγοις
724 1919 996 1998 προσπαλαῖσαιί).
1032 1921 1176 1998 Hyperid.
1201 1941 1242 1980 or.
1258 1941 1313 1998 pro
1330 1925 1388 1979 Eu-

210 2046 279 2085 xen.
302 2022 356 2084 col.
372 2024 444 2083 XX.
468 2045 497 2085 v.
517 2029 564 2084 10.
582 2022 673 2102 (Bl.):
697 2017 734 2080 ού
756 2015 812 2100 χρὴ
836 2017 905 2092 τούς
928 2015 1067 2090 δικαστάς
1089 2016 1235 2099 πρότερον
1257 2015 1294 2080 τοί
1316 2017 1387 2082 καθ’

211 2125 319 2186 ἕκαστα
340 2127 393 2201 τῆς
415 2124 594 2203 κατηγορίας
621 2117 782 2200 ἀπομένειν
804 2116 935 2198 ἀκούειν,
959 2120 1030 2202 πρὶν
1053 2118 1142 2183 oded
1167 2118 1199 2183 τδ
1223 2119 1388 2199 κεφάλαιον

209 2230 263 2287 τοῦ
295 2221 412 2306 ἀγῶνος
442 2224 492 2284 καὶ
522 2219 576 2303 τὴν
606 2219 794 2305 ἀντιγραφήν
817 2220 995 2296 ἐξετάσωσιν.
1041 2228 1100 2286 Hic
1122 2219 1159 2285 ἀν
1181 2227 1271 2286 inseri
1294 2229 1386 2287 iusse-

209 2335 279 2390 runt
301 2330 518 2390 Schneidewin.
544 2331 646 2389 Cobet.
669 2329 827 2408 (Mnemos.
843 2330 902 2389 vol.
918 2331 959 2389 Il.
976 2329 1099 2410 [laea]
1115 2349 1142 2405 p.
1160 2329 1245 2408 1121.)
1276 2331 1386 2408 Saupp.
1428 2377 1432 2382 .

208 2433 354 2512 (Gdtting.
385 2432 518 2507 gelehrte
546 2432 671 2506 Anzeig.
703 2431 792 2492 1870.
816 2451 844 2508 p.
862 2432 955 2509 251).
1001 2433 1387 2493 Aeschin.ver011160:

206 2529 298 2611 ,ὅστις
327 2527 406 2594 οὕτω
434 2528 580 2594 διάκειται
608 2527 672 2612 μῃτ’
701 2527 866 2614 ἀπογνώτω
892 2529 984 2610 μηδὲν
1014 2526 1086 2610 μήτε
1114 2528 1293 2613 καταγνώτω
1316 2532 1388 2612 πρίν

207 2630 334 2721 ἀκούσῃ
359 2634 430 2716 πρὶν
452 2631 489 2696 ἀν
512 2630 628 2718 ἀκούσῃ
652 2639 839 2698 scribendum
862 2657 926 2697 esse
941 2637 1053 2713 Reisig.
1077 2637 1253 2714 (coniectan.
1270 2639 1301 2695 in
1319 2639 1386 2696 Ari·

208 2742 306 2818 steph.
329 2761 356 2818 p.
374 2742 437 2819 66.)
470 2725 558 2800 etiam
590 2759 624 2800 eo
658 2741 852 2813 confirmavit,
885 2741 963 2820 quod
986 2740 1078 2799 verba
1100 2732 1141 2815 μὴ
1165 2733 1291 2822 δικάσῃς
1316 2737 1388 2818 πρὶν

208 2835 245 2900 ἀν
267 2835 400 2925 ἀκούσῃς
421 2843 453 2900 in
476 2843 667 2919 proverbium
689 2843 827 2902 abierunt
848 2861 946 2920 neque
968 2862 1092 2920 usquam
1115 2833 1311 2920 particulatio
1334 2821 1411 2919 ops

207 2964 308 3020 pressa
330 2951 383 3004 est.
429 2945 527 3008 Quare
550 2945 714 3006 Hermann.
737 2944 778 3020 (p.
798 2945 890 3021 lla),
920 2945 1060 3022 quoniam
1080 2944 1149 3003 'eum
1171 2963 1327 3021 perperam
1351 2947 1386 3004 de

206 3047 237 3108 vi
260 3047 423 3122 particulae
446 3039 483 3103 ἀν
510 3047 694 3123 praecepisse
726 3046 907 3104 Baaumlein.
939 3047 1237 3122 („Untersuchungon
1261 3047 1334 3106 iiber
1358 3049 1386 3106 d.

207 3150 316 3225 griech.
348 3148 430 3208 Medi
462 3151 523 3208 und
547 3150 574 3209 d.
597 3149 731 3209 Partikel
763 3143 814 3206 κέν
843 3150 904 3208 und
933 3142 989 3206 ἀν“
1013 3170 1040 3225 p.
1059 3152 1265 3227 aet—242.)
1288 3150 1386 3224 evicit,

207 3253 351 3312 librorum
373 3252 545 3312 memoriam
568 3253 749 3332 nequiquam
772 3252 913 3312 defendit.

291 3357 333 3417 Il.
356 3355 424 3414 Non
441 3355 567 3416 offendit
581 3374 646 3414 mea
661 3356 802 3433 opinione
817 3356 951 3416 Platonis
966 3356 1048 3415 locus
1063 3356 1094 3414 in
1110 3355 1204 3431 Legg.
1219 3376 1248 3432 p.
1262 3354 1299 3413 87
1305 3356 1386 3415 8.A:
1456 3405 1460 3414 .

207 3448 225 3515 ὅ
247 3449 303 3536 γάρ
326 3450 364 3532 δὴ
393 3451 544 3534 μῦθοςῆ
572 3451 661 3538 λόγος
682 3451 702 3536 ἢ
724 3452 742 3517 δ’
763 3479 791 3516 τι
812 3452 866 3539 χρὴ
889 3452 1120 3539 προσαγορεύειν
1142 3450 1242 3532 αύτόν,
1276 3453 1307 3518 tu
1330 3477 1386 3516 πα-

206 3559 299 3617 λαιῶν
321 3555 424 3636 ἱερέων
446 3557 557 3640 είρῃται
579 3563 700 3636 σαφῶς·
725 3595 763 3606 -
786 3555 859 3622 οὐδὲ
881 3558 1025 3622 ίαπίιιτον
1048 3557 1162 3622 ίθίίειν
1182 3551 1384 3641 γίγνεσθαιτί

276 3779 300 3845 1)
320 3779 437 3829 Schmidt
455 3795 479 3842 p.
501 3784 540 3830 19.

276 3869 302 3929 2)
319 3867 349 3914 In
367 3865 446 3915 titulis
466 3857 495 3917 ἀν
514 3868 573 3928 poni
591 3869 662 3916 solet.
690 3867 728 3918 Ol.
746 3869 916 3919 Meisterhans.
935 3886 959 3932 p.
979 3873 1037 3920 210.

275 3949 300 4018 3)
318 3951 417 4000 Partem
435 3965 521 4001 eorum
533 3954 691 4004 Hermannus
710 3955 750 4016 ‚de
762 3957 882 4016 particula
900 3948 938 4007 ἀνί
951 3957 995 4004 lib.
1007 3957 1039 4004 11.
1052 3957 1075 4004 9.
1088 3977 1122 3998 =
1135 3969 1218 4015 opusc.
1232 3953 1277 4004 IV.
1289 3971 1314 4018 p.
1328 3954 1385 4004 112.

207 4037 393 4101 subministrat3
411 4039 520 4099 reliquos
539 4041 592 4100 ipse
610 4041 707 4102 collegi.

273 4122 300 4186 4)
318 4125 383 4171 Plat.
401 4123 476 4172 Lach.
496 4140 521 4186 p.
535 4128 591 4174 18¹1.
611 4127 640 4187 ll,
659 4128 730 4174 Polit.
750 4142 774 4189 p.
786 4130 844 4178 281.
864 4130 897 4188 D,
917 4127 960 4175 ubi
979 4127 1075 4176 codices
1093 4127 1194 4187 quidam
1212 4117 1243 4179 ἀν
1262 4127 1384 4185 omittunt,

206 4209 280 4257 ceteri
299 4208 422 4269 exhibent,
447 4201 477 4261 ἀν
502 4212 554 4259 sins
580 4211 631 4259 ulla
655 4211 806 4262 dubitatione
823 4213 991 4275 recipiendum
1010 4217 1054 4262 ast.
1091 4213 1228 4276 Corruptus
1247 4217 1328 4261 autem
1347 4215 1385 4262 est

205 4295 269 4344 Plat.
289 4293 383 4344 Phaed.
403 4309 426 4356 p.
446 4299 486 4345 85.
506 4298 533 4345 B.
554 4297 585 4348 V.
605 4297 708 4346 Schann.
