3192 4902
703 175 915 242 „22-

219 341 282 413 άπδ
308 341 541 426 Πελοποννήσου
572 343 792 426 προσεσομένης
822 341 960 423 dimetior,
992 347 1022 406 οἳ
1050 345 1143 406 τῶνδε
1166 343 1322 425 κρείσσους
1344 340 1401 404 eici

219 448 252 514 τδ
276 446 421 532 παράπαν
443 445 479 510 τά
502 447 637 527 πολέμια.

220 560 245 616 Ε
276 558 383 619 ceteris
413 555 526 616 Atticis
566 575 643 614 unus
672 555 823 633 Xenopho
861 575 953 615 unum
989 553 1021 612 id
1055 573 1149 628 genus
1191 554 1290 612 locum
1329 573 1401 631 por·

220 661 319 736 rigere
344 659 471 732 videtur,
493 658 526 717 in
548 659 647 718 Ansb.
670 659 686 715 I
710 663 737 732 6,
765 663 797 718 l:
820 650 961 736 Ὀρόντης
983 650 1019 715 τά
1042 652 1167 732 πολέμια
1189 648 1346 732 λεγόμενος
1370 651 1401 714 ἐν

220 766 284 832 τοῖς
305 753 436 842 άρίστοις
461 761 597 839 Περσῶν,
629 759 681 820 ubi
712 767 813 821 tamen
846 757 970 835 πολέμια
1001 761 1154 838 Stephano
1185 761 1304 818 Mureto
1332 756 1403 816 aliis

222 869 379 942 tantopere
401 863 565 942 displicuit,
586 867 622 922 ut
643 855 788 937 recisurae}
812 863 987 923 scriberent.
1031 853 1179 942 Equidem
1201 863 1280 922 hanc
1300 881 1403 921 emen-

221 969 373 1029 dationem
396 970 500 1046 probo.
545 966 621 1024 Nam
643 965 720 1025 illud
742 967 933 1042 exploratum
955 964 1032 1025 mihi
1055 970 1102 1025 est
1130 970 1161 1025 et
1183 963 1402 1024 Schneiderum

222 1091 337 1131 summo
360 1089 462 1130 errore
486 1073 606 1147 captum
629 1089 702 1142 cese,
724 1090 789 1128 cum
820 1068 1005 1142 „innumeris
1035 1069 1067 1126 in
1090 1068 1164 1128 locis
1186 1066 1402 1145 Xenophontis

222 1173 283 1234 dici
306 1166 341 1231 τά
364 1168 489 1247 πολέμια
511 1191 587 1251 quae
610 1170 663 1230 alii
685 1165 719 1230 τά
744 1164 886 1247 πολεμικά
908 1171 1060 1231 dicerent“
1084 1170 1135 1249 (ed
1149 1171 1293 1247 Xenoph.
1315 1171 1352 1229 de
1367 1190 1402 1229 re

223 1297 290 1356 equ.
306 1277 378 1338 VII.
400 1275 458 1352 17.)
480 1278 676 1347 asseveraret,
699 1295 798 1354 neque
821 1274 904 1349 locis,
927 1294 1001 1354 quoe
1017 1275 1136 1352 Sauppe
1158 1274 1271 1334 ibidem
1288 1271 1403 1349 attulit,

222 1377 437 1456 Xenophontis
459 1379 559 1438 locum
581 1377 711 1438 defendi.
756 1380 863 1456 Neque
891 1397 963 1439 vero
986 1378 1110 1438 dubium
1133 1383 1195 1451 est,
1224 1376 1298 1456 quin
1322 1377 1404 1455 apud

223 1481 405 1542 recentiores
428 1476 567 1556 πολέμιος
588 1480 644 1539 illa
664 1481 698 1541 vi
718 1480 887 1560 praeditum
904 1481 951 1554 sit,
973 1485 1007 1540 ut
1030 1480 1110 1559 epod
1124 1481 1230 1558 Polyb.
1244 1481 1279 1538 II
1301 1485 1349 1551 36,
1366 1485 1403 1539 2:

223 1578 350 1661 ποιήσας
380 1580 516 1644 ἐπίδοσιν
537 1585 600 1652 τοῖς
623 1581 837 1661 Καρχηδονίων
868 1577 1039 1662 πράγμασιν
1071 1575 1124 1659 οὐχ
1154 1577 1232 1641 οὕτω
1263 1575 1312 1640 διά
1343 1581 1405 1638 caio

223 1684 373 1764 πολεμίων
388 1683 482 1766 ἔργων
498 1677 538 1756 τάς
550 1679 599 1744 διά
614 1688 668 1762 τῆς
677 1680 753 1765 πρδς
764 1680 834 1756 τούς
844 1679 992 1756 δυνάστας
1008 1678 1122 1762 ὁμιλίας
1133 1685 1199 1765 (ubi
1210 1707 1239 1747 v.
1250 1684 1403 1758 Schweig-

137 1851 140 1861 ,
222 1790 425 1869 heeuserum).
448 1789 474 1850 V
498 1789 547 1864 73,
572 1794 600 1852 8.
642 1789 774 1868 Appian.
798 1789 924 1868 Hispan.
950 1795 1010 1850 48:
1034 1782 1175 1865 ἐπιτυχής
1206 1784 1238 1848 δὲ
1261 1781 1295 1845 τά
1318 1782 1403 1844 πολέ-

223 1915 276 1970 μια
292 1884 334 1951 civ
349 1885 403 1969 τήν
417 1885 504 1950 πάλιν
519 1886 625 1951 αὐτίκα
641 1885 842 1970 παρεστήσατο
865 1892 930 1969 (ubi
947 1914 977 1953 v.
994 1891 1260 1968 Schweighaeue.).
1290 1891 1314 1948 Ε
1330 1890 1403 1948 Dio·

225 2016 291 2075 nys.
314 1996 384 2054 Hel.
406 1993 539 2054 Lucieno
569 1993 637 2054 eliis
662 1995 800 2073 exempla
822 2001 994 2074 proponunt
1015 1997 1187 2074 Stephanus
1210 1996 1248 2054 ad
1269 1996 1363 2053 Ibuc.
1385 1993 1404 2050 I

231 2104 265 2157 18
282 2098 491 2158 Hemsterhus.
508 2099 546 2157 ed
560 2096 684 2176 Lucian.
700 2097 771 2160 dial.
787 2104 873 2157 mort.
890 2104 936 2160 12.
954 2099 1008 2177 (=
1023 2098 1095 2158 edit.
1111 2098 1231 2177 Bip.II.
1243 2119 1272 2176 p.
1284 2101 1356 2156 466.
1367 2094 1403 2171 s.)

225 2201 353 2262 Schmid.
375 2199 546 2273 ,Atticism‘
568 2221 597 2277 p.
621 2201 693 2260 371.

310 2303 495 2364 Vocabulum
518 2295 719 2381 προσηνής
741 2304 931 2382 Thucydides
954 2307 1079 2383 praebet
1095 2304 1138 2363 VI
1155 2303 1204 2377 77,
1220 2310 1256 2364 2:
1279 2305 1341 2370 τοῖς
1358 2291 1398 2368 οἷς

224 2398 359 2474 ἑκάστοις
389 2426 417 2463 τι
446 2399 594 2483 προσηνὲς
615 2402 756 2485 λέγοντες.
802 2408 839 2465 In
869 2408 941 2467 Iade
976 2412 1074 2467 autem
1103 2407 1136 2466 id
1165 2406 1303 2466 floruisse
1335 2426 1403 2465 cum

222 2510 393 2569 Herodotus
408 2509 444 2568 II
460 2513 508 2581 94,
528 2513 563 2567 11
589 2514 654 2569 tum
670 2509 872 2588 Hippocrates
894 2516 1038 2584 testatur3
1063 2510 1146 2571 cuius
1163 2511 1311 2588 exempla,
1332 2509 1405 2588 quia

221 2613 255 2672 in
276 2611 384 2674 lexicis
400 2614 518 2687 desunt,
542 2611 704 2673 subiciam:
727 2615 764 2673 de
786 2619 843 2673 ret.
859 2615 932 2676 vict.
948 2614 980 2673 in
995 2613 1107 2674 morbis
1124 2619 1201 2674 aeut.
1217 2612 1278 2674 vol.
1294 2613 1400 2670 XXII.

222 2735 252 2794 p.
263 2717 312 2775 37.
321 2735 369 2789 m.,
379 2716 417 2775 de
426 2714 532 2795 liquid.
547 2736 604 2775 usu
615 2716 676 2778 vol.
687 2716 792 2776 XXII.
805 2737 835 2792 p.
847 2722 917 2778 162.
927 2737 984 2789 ex„
994 2719 1030 2776 de
1042 2717 1159 2778 mulier.
1170 2715 1283 2776 morbis
1294 2714 1348 2775 lib.
1359 2717 1402 2774 II.

199 2821 202 2827 ’
222 2817 282 2878 νολ.
292 2818 398 2877 XXII.
410 2838 439 2893 p.
451 2823 522 2878 816.
533 2838 590 2890 ex.,
599 2839 629 2895 p.
639 2823 708 2878 836.
719 2841 767 2891 m.,
784 2819 915 2880 defunct.
925 2822 986 2882 vol.
996 2819 1120 2879 XXIII.
1129 2840 1159 2898 p.
1171 2819 1279 2892 inin„
1289 2839 1318 2897 p.
1332 2823 1402 2878 116.

220 2921 278 2993 in.;
294 2921 331 2980 de
340 2919 457 2980 articul.
466 2920 693 2996 vol.XXIII.p.
705 2920 831 2998 lirin„
841 2942 870 2998 p.
885 2927 951 2982 184.
960 2922 1011 2996 iu,
1022 2928 1130 3001 pecc.
1139 2923 1226 2996 med,
1234 2944 1263 3001 p.
1274 2921 1345 2981 272.
1354 2943 1402 2992 m.,

221 3023 331 3083 mochl.
362 3023 423 3083 vol.
445 3022 568 3082 XXIII.
593 3044 620 3100 p.
646 3028 716 3086 301.
743 3023 801 3097 in.,
830 3045 859 3101 p.
884 3031 955 3087 306.
978 3046 1033 3096 m.;
1073 3025 1160 3104 epist.
1192 3027 1254 3088 vol.
1277 3025 1402 3083 XXIII.

221 3147 251 3203 p.
276 3125 347 3184 797.
371 3145 414 3185 ex.
815 3127 818 3134 ’

223 3228 361 3288 Occurrit
383 3228 472 3288 etiam
496 3229 529 3288 in
551 3229 709 3290 Aristotel.
733 3251 762 3307 p.
788 3237 867 3290 809³
891 3237 927 3289 31
955 3236 986 3291 et
1007 3232 1235 3292 recentioribus.

310 3327 537 3409 Φερέγγυος
559 3333 579 3391 i.
603 3353 629 3392 e.
651 3332 738 3406 fidus,
761 3333 896 3407 idoneus,
920 3336 956 3392 ab
980 3335 1133 3394 Herodoto
1158 3337 1183 3394 V
1208 3340 1257 3409 30,
1285 3339 1339 3394 16:
1363 3326 1402 3392 οά

222 3427 384 3514 φερέγγυός
414 3430 472 3509 εἶμι
501 3427 628 3511 δύναμιν
649 3439 809 3515 παρασχεῖν
832 3430 979 3512 τοσαύτην
1009 3438 1068 3498 VII
1092 3443 1141 3509 49,
1166 3444 1200 3498 8:
1230 3429 1318 3514 λιμήν
1341 3459 1401 3514 φη·

290 3673 339 3721 Sed
357 3689 389 3721 ne
406 3674 501 3722 Stablio
519 3675 618 3736 quidem
637 3675 767 3734 assentior,
786 3676 827 3735 qui
844 3677 909 3724 inter
925 3674 1050 3740 πολεμικά
1068 3681 1093 3724 et
1110 3675 1218 3741 πολέμια
1234 3679 1270 3725 ite
1281 3679 1402 3739 distingui

220 3760 307 3820 voluit,
326 3765 353 3807 ut
369 3754 400 3810 τά
419 3755 544 3823 πολεμικά
563 3760 594 3807 ιδ
612 3759 672 3807 belli
684 3774 762 3819 mum,
781 3756 812 3810 τοὶ
827 3758 933 3825 πολέμια
945 3763 977 3810 ad
989 3764 1116 3823 pugnandi
1128 3765 1246 3812 virtutem
1257 3765 1400 3812 referretur.

220 3846 290 3905 Quae
308 3846 433 3894 distinctio
451 3846 512 3894 adeo
531 3847 601 3894 nulla
618 3845 714 3894 ratione
731 3848 897 3895 commendari
915 3848 1022 3908 videtur,
1047 3855 1074 3896 nt
1098 3850 1120 3897 si
1139 3864 1188 3897 non
1206 3850 1286 3898 solum
1304 3850 1401 3912 'I'bncy-

220 3933 284 3980 didie
301 3934 370 3980 locus
390 3933 402 3979 1
421 3934 462 3990 18,
475 3935 498 3990 3,
518 3947 566 3992 quo
584 3931 624 3979 vir
642 3932 799 3981 doctissimus
816 3930 941 3998 πολεμικά
958 3935 1044 3995 reponi
1062 3936 1142 3996 iussit,
1160 3936 1202 3984 eod
1221 3936 1294 3984 etiam
1306 3937 1402 3996 aquuot

220 4018 383 4066 recentiorum
401 4018 547 4079 scriptorum
565 4018 671 4066 obstent.
715 4017 784 4078 Quae
802 4035 857 4066 cum
875 4020 910 4067 ita
928 4021 985 4080 sint,
1004 4022 1068 4081 apud
1089 4021 1256 4082 Thucydidem
1273 4017 1305 4072 τδ
1323 4019 1401 4072 πολέ-

221 4106 375 4168 properiter
392 4119 422 4153 ac
439 4099 471 4155 τοὶ
489 4099 615 4166 πολεμικά
633 4101 669 4170 (II
687 4108 766 4164 ac,1:
786 4102 939 4170 διαφέρομεν
958 4100 1005 4156 κάν
1023 4111 1080 4164 ταῖς
1096 4105 1147 4158 τῶν
1164 4105 1308 4172 πολεμικῶν
1326 4105 1401 4171 pelt-

220 4203 283 4246 ταις.
308 4192 349 4250 33,
369 4191 437 4239 c1v
455 4192 495 4250 55,
515 4189 540 4254 2)
567 4189 716 4251 generaliter
740 4191 771 4239 de
796 4191 831 4240 eis
853 4205 916 4254 quae
940 4194 972 4241 ad
998 4192 1091 4241 bellum
1115 4193 1239 4257 pertinent
1263 4194 1401 4248 dictasses

221 4287 317 4336 opinor.
