3192 4902
687 232 899 312 κάξ-..ι

204 451 246 466 -
262 415 287 478 si
304 420 390 479 modo
405 423 558 496 peccatum
575 423 654 479 recte
669 419 777 480 dicitur
792 455 833 463 —
850 419 996 492 Goellero,
1012 420 1175 494 Kruegero,
1187 411 1385 479 Kuemmellio

204 523 271 600 (,De
305 522 535 598 praepositionis
561 503 617 580 'lna'
649 542 715 582 cum
748 525 863 583 casibus
895 523 1070 582 coniunctae
1099 543 1155 582 usu
1184 523 1387 602 'Thucydideo‘

204 646 233 702 p.
251 627 312 701 24.)
342 632 401 684 tam
432 644 522 700 grave
544 625 641 684 visum
665 631 717 697 est,
747 631 781 685 ut
809 622 858 683 ἐπί
880 625 945 684 tolli
968 625 1115 684 iuberent.
1160 625 1307 706 Equidem
1330 626 1387 684 hoc

204 734 356 805 peccatum
379 728 428 788 vel
449 728 549 805 potius
571 728 647 786 hanc
663 728 778 786 dicendi
795 727 963 786 libertatem
978 728 1144 806 Thucydidi
1162 728 1385 786 condonandam

204 849 268 890 osse
300 849 405 890 censeo
436 837 466 890 et
498 829 568 908 quia
590 830 738 888 Homerus
761 836 849 908 atque
874 830 1043 888 Herodotus
1067 848 1131 888 sam
1154 830 1210 889 sibi
1234 848 1386 888 concesse·

204 938 275 992 runt
296 938 326 992 et
349 932 420 1011 quia
443 952 477 992 ca
499 937 596 992 aetate
619 933 668 991 via
691 933 805 991 solutae
838 933 964 991 orationi
988 933 1075 990 modo
1099 934 1245 1008 patefacta
1266 933 1386 992 Atticus

203 1056 299 1095 sermo
314 1037 445 1094 nondum
456 1034 592 1095 omnibus
602 1035 732 1093 numeris
743 1036 896 1094 absolutus
908 1041 980 1094 crat.
1004 1035 1090 1099 Quod
1105 1043 1203 1095 autem
1217 1035 1387 1094 Kuemmall

203 1159 232 1214 p.
252 1145 300 1198 24.
323 1140 477 1198 contendit
499 1158 572 1213 „per
588 1139 765 1196 Graecorum
788 1138 875 1196 nobis
897 1138 1022 1196 traditas
1044 1138 1158 1197 litteras
1174 1136 1289 1196 nullum
1305 1137 1385 1196 aliud

203 1242 373 1317 exemplum
396 1261 517 1317 prorsus
539 1241 730 1318 Thucydideo
753 1240 938 1316 respondens
960 1241 1056 1298 adhuc
1077 1227 1231 1300 inventam
1254 1257 1318 1298 csse
1341 1235 1386 1318 (et

205 1343 293 1403 Thuo.
309 1345 329 1402 l.
345 1344 364 1402 l.
389 1341 438 1402 ἐπί
460 1344 567 1401 mirum
589 1344 620 1400 in
639 1343 758 1400 modum
781 1361 844 1400 esse
859 1343 1075 1418 usurpatum)“,
1099 1343 1155 1401 hoc
1178 1341 1311 1402 timidius
1334 1360 1385 1399 an-

205 1447 374 1525 gustiusque
401 1447 510 1504 dictum
534 1464 597 1503 csse
620 1445 693 1502 mihi
716 1445 834 1504 videtur
865 1465 952 1524 qnam
975 1445 1100 1504 rectius:
1124 1464 1192 1504 ecce
1217 1443 1292 1504 Plat.
1316 1444 1384 1520 Rpl.

205 1567 233 1622 p.
251 1547 364 1606 474.E
393 1581 432 1592 -—
463 1548 513 1628 qui
545 1549 627 1606 locus
656 1548 752 1605 adhuc
773 1547 865 1606 iacuit
888 1570 945 1606 --:
976 1540 1029 1605 ίαν
1051 1543 1101 1606 ἐπὶ
1124 1541 1188 1628 όίρῳ
1210 1533 1284 1630 ᾖῑ).
1328 1547 1386 1606 Ssd

204 1657 317 1710 tantum
347 1652 439 1722 abest,
462 1657 496 1709 ut
524 1651 716 1708 insolentiam
745 1650 834 1708 huius
861 1670 932 1708 usus
962 1650 1084 1722 infitior,
1114 1656 1148 1710 ut
1176 1656 1300 1727 propter
1321 1670 1386 1708 eam

204 1752 285 1812 locos
314 1752 495 1832 Thucydidis
524 1759 554 1812 et
584 1753 717 1812 Platonis
749 1753 844 1810 notari
874 1751 974 1812 velim.
1028 1754 1113 1812 Adde
1135 1754 1247 1811 Herod.
1264 1753 1297 1811 II
1316 1756 1385 1824 lcs,

207 1860 263 1915 10:
287 1852 335 1914 ἐπὶ
357 1849 453 1938 ἡμέρῃ
477 1850 594 1937 ἑκάστῳ.
629 1856 673 1914 IV
693 1859 794 1927 112,4
818 1855 846 1914 V
862 1859 910 1928 53,
929 1861 945 1913 8
970 1854 1034 1932 (ubi
1051 1857 1153 1916 Cobet.
1169 1856 1205 1917 V.
1224 1857 1256 1913 L.
1273 1875 1301 1930 p.
1314 1859 1385 1913 282.

206 1955 255 2016 ἐπί
278 1960 352 2017 male
375 1960 465 2018 deleri
489 1959 597 2036 voluit)
625 1959 692 2032 117,
711 1964 729 2016 4
752 1958 813 2018 VII
832 1958 899 2031 187,
918 1963 967 2018 12.
989 1958 1033 2018 ef.
1050 1958 1239 2033 Lundberg.:
1261 1958 1316 2032 ‚De
1339 1977 1384 2016 rc·

203 2062 284 2120 tione
308 2063 479 2122 Herodotea
510 2062 781 2138 praepositionibus
812 2061 914 2120 utendi
945 2081 962 2118 a
991 2060 1185 2136 scriptoribus
1207 2060 1316 2120 Atticis
1339 2061 1382 2118 di·

202 2169 298 2225 vorsa‘
318 2185 346 2240 p.
369 2170 418 2226 35.
440 2199 476 2208 «-
503 2165 625 2224 Homeri
650 2165 834 2244 aliorumque
859 2169 1013 2240 poetarum
1036 2162 1173 2239 exempla
1203 2169 1385 2240 aperuerunt

206 2267 312 2327 Matth.
329 2268 379 2329 Gr.
395 2269 444 2326 Gr.
458 2271 492 2326 Π
515 2267 530 2344 5
548 2273 620 2327 585.
632 2289 649 2323 α
681 2268 824 2326 Knehner
847 2266 896 2326 Gr.
913 2266 962 2329 Gr.
979 2267 1021 2326 II.
1038 2265 1054 2344 ξ
1071 2271 1143 2325 438.
1165 2267 1207 2325 II.
1225 2272 1252 2327 2.
1267 2287 1297 2343 p.
1312 2271 1383 2328 434.

206 2371 340 2443 Krueger
356 2371 397 2428 11.
415 2369 430 2446 5
445 2376 495 2430 68.
519 2375 568 2428 41.
587 2375 615 2428 8.
661 2372 697 2427 In
721 2371 860 2444 operibus
883 2369 1080 2445 posteriorum
1104 2369 1280 2444 scriptorum
1303 2371 1383 2428 hunc

205 2491 290 2529 usum
305 2473 402 2530 redire
416 2473 610 2530 ostenderunt
631 2472 893 2545 Schweighaeuser
911 2471 997 2530 lexic.
1016 2472 1120 2546 Polyb.
1145 2491 1174 2546 p.
1193 2477 1263 2546 242,
1286 2469 1383 2532 Krcbs
1454 2543 1456 2546 ι

204 2574 280 2646 „Dis
312 2575 556 2650 Praepositioncn
588 2575 636 2633 bei
668 2574 830 2650 Polybius“
860 2593 889 2649 p.
909 2578 958 2634 86.
991 2574 1109 2650 Sauppe
1139 2574 1174 2631 ud
1197 2575 1315 2634 Arrian.
1347 2576 1383 2632 de

204 2683 304 2737 venat.
320 2677 395 2737 XII.
415 2683 441 2737 l.
475 2678 607 2736 Sintenis
630 2682 661 2736 ct
683 2679 818 2751 Krnagcr
840 2677 877 2734 ad
898 2677 1167 2747 Arrian.1126‚4
1190 2676 1382 2735 Grundmann

204 2799 233 2855 p.
251 2780 299 2839 71.
337 2781 412 2839 Alia
434 2780 571 2855 exempla
594 2799 633 2838 cx
654 2781 720 2838 aliis
740 2778 838 2838 lexico
860 2779 1026 2855 porrigunt.

290 2883 379 2941 Haud
402 2884 490 2942 dubie
519 2885 555 2941 ab
578 2883 625 2942 his
646 2882 668 2940 ii
691 2883 779 2957 longe
801 2881 914 2942 distant
934 2882 991 2940 loci
1014 2881 1122 2961 quibus
1144 2883 1190 2941 vis
1212 2883 1383 2958 temporalis

203 2986 234 3042 in
257 2986 476 3046 substantivum
509 3005 525 3044 o
555 2986 776 3062 praepositione
807 2981 856 3044 ἐπί
880 2986 1014 3061 pendens
1037 3003 1090 3060 psr
1112 2987 1314 3061 metaphoram
1337 2986 1382 3044 in-

202 3089 306 3160 fertur,
336 3089 419 3148 velut
441 3089 534 3147 Thuc.
551 3089 578 3147 V
596 3092 643 3163 14,
661 3094 696 3150 4:
727 3084 879 3164 ξυνίβαιυε
906 3081 982 3167 πρός
1011 3082 1082 3158 τοός
1103 3080 1252 3166 Ἀργείους
1281 3081 1383 3158 αότοῖς

203 3182 256 3256 τός
293 3181 528 3267 τριακοντούτεις
566 3184 701 3259 σπουδδς
740 3185 783 3250 ἐπ’
820 3185 914 3272 ἐξόδῳ
949 3182 1033 3250 εἶναι.
1079 3197 1129 3264 28,
1154 3197 1189 3250 2ι
1220 3182 1266 3250 ἐπ’
1289 3185 1381 3272 ἐξόδῳ

203 3284 280 3366 πρός
310 3283 420 3360 αὐτοδς
450 3288 483 3348 αἱ
507 3288 635 3350 σπονδαὶ
657 3279 741 3368 ἦσαν.
784 3294 925 3369 Xenoph.
958 3292 1125 3367 Hell.V4,
1142 3301 1177 3352 4:
1207 3285 1382 3373 Ἀφροδίσια

203 3387 327 3472 όίγουσιν
349 3387 391 3452 ἐπ’
418 3387 510 3475 ἐξόδῳ
533 3397 586 3471 τῆς
608 3387 706 3472 ἀρχῆς.
751 3395 818 3474 Cyr.
836 3398 850 3453 l
866 3401 895 3469 8,
916 3400 973 3456 12:
994 3388 1139 3465 τοσαύτας
1162 3387 1264 3464 αὐτοῖς
1287 3390 1381 3454 εὐθυ-

201 3496 270 3572 μίας
291 3500 428 3576 παρεῖχεν
450 3493 500 3556 ἐπὶ
522 3499 564 3580 τῳ
586 3495 706 3580 δείπνῳ.
744 3499 857 3559 Herod.
869 3499 920 3557 111
937 3502 985 3572 14,
1002 3503 1059 3558 43:
1083 3495 1133 3557 ἐπὶ
1155 3491 1267 3578 γήραος
1290 3493 1381 3582 οὐδῷ.

287 3602 393 3676 Pergo.
437 3601 510 3660 Oum
532 3601 691 3677 scriptores
713 3601 806 3662 Attici
829 3621 889 3675 eos,
913 3602 964 3682 qni
987 3601 1065 3661 circa
1087 3601 1225 3682 aliquem,
1249 3603 1312 3663 sive
1333 3623 1380 3662 co·

202 3702 288 3762 mites
311 3704 374 3764 sive
397 3703 483 3763 amici
506 3704 569 3763 sive
592 3703 729 3777 ministri,
752 3710 828 3776 sunt,
852 3704 1019 3780 significare
1042 3705 1173 3764 solerent
1194 3706 1294 3765 verbis
1310 3697 1381 3774 τούς

201 3803 270 3884 περί
292 3807 354 3866 sive
377 3799 455 3883 α’μῳί
477 3828 549 3881 τινα,
580 3808 768 3886 Thucydides
790 3806 851 3868 VII
868 3808 917 3880 57,
935 3813 952 3866 6
976 3809 1078 3868 eodem
1101 3828 1190 3867 sensu
1212 3807 1289 3867 dixit
1310 3799 1381 3877 τοδς

201 3899 264 3984 δίμα
289 3908 431 3992 Γυλίππῳ
454 3911 482 3988 (ι
505 3904 601 3986 οἱμὲν
618 3908 864 3985 Λακεδαιμονίων
880 3902 1013 3983 diaconos,
1031 3903 1197 3988 Κυθήριοι,
1215 3906 1264 3968 ἐπί
1280 3912 1380 3968 Λακε-

202 4008 375 4086 δαιμονίους
396 4006 467 4082 rods
489 4006 550 4090 ἅμα
574 4011 718 4095 Γυλίππῳ
741 4005 813 4088 μετὰ
835 4005 1006 4090 Ἀθηναίων
1028 4005 1106 4071 tnta
1129 4009 1261 4092 ἔφερον).
1306 4014 1378 4071 (lum

273 4253 298 4312 1)
316 4253 467 4312 Magnopcro
484 4252 564 4302 Stura.
589 4254 660 4302 lexic.
678 4253 793 4312 Xenoph.
818 4255 867 4301 vol.
889 4254 921 4304 11.
942 4269 966 4314 p.
982 4254 1039 4302 262.
1057 4253 1164 4311 erravit,
1190 4266 1245 4300 cum
1264 4251 1378 4314 Xenoph.

200 4339 274 4386 Mem.
287 4338 312 4385 11
323 4341 347 4399 2,
361 4333 452 4392 &dul
467 4337 505 4406 τῴ
525 4336 573 4407 βίῳ
590 4336 664 4390 παντί
681 4341 730 4387 huo
747 4339 847 4388 rettulit.
