3192 4902
692 219 905 286 ,58-

212 389 333 472 δάπιν),
364 387 439 472 άτάρ
471 385 528 453 οόκ
557 385 598 462 όός
627 413 659 472 γε
684 390 715 463 ἐς
736 390 891 472 πυραμίδα
913 387 1055 472 τοιαύτην
1078 390 1229 467 ἐξικέσθαι
1250 396 1309 456 huc
1332 415 1392 456 non

182 533 185 539 ,
212 500 356 579 quadrare
378 499 471 559 Stein.
500 498 644 573 sagaciter
675 497 774 558 evicit.
819 499 855 555 In
878 498 1045 558 Atticorum
1076 499 1195 576 scriptis
1225 518 1317 558 unum
1340 498 1390 558 de·

210 603 354 680 prehendi
377 602 484 674 locum,
507 601 559 680 qui
582 600 746 678 comparari
768 604 876 677 potest,
899 601 975 662 Plat.
998 602 1086 676 Gorg.
1111 622 1140 679 p.
1165 604 1235 662 511.
1258 603 1299 662 B:
1322 594 1388 661 οὐδ’

213 697 271 783 ἒγοό
295 701 379 784 ψέγω
402 696 536 775 τούτους,
560 696 602 772 όός
623 722 655 782 γε
677 695 839 771 διακόνους
862 693 937 762 εἶναι
959 695 1080 774 πόλεως’.

296 825 418 902 Ellipsis
440 829 538 882 autem
561 823 654 896 verbi,
678 843 754 902 quae
776 823 874 883 estin
897 823 1020 883 vocibus
1044 815 1085 894 aig
1101 817 1245 902 iaciemus,
1269 816 1310 894 άς
1325 821 1393 903 ἕκα-

211 943 272 986 στοι
295 955 338 978 =
359 948 423 1004 ,pro
446 947 477 986 se
501 926 643 1006 quisque,
675 926 784 1000 singuli
807 927 867 984 suis
889 926 993 1000 modis,
1016 927 1129 1003 singuli
1149 928 1320 1003 singulatim
1342 930 1392 989 vel

210 1030 352 1103 seorsim‘,
362 1049 540 1110 quamquam
550 1030 829 1108 nequeeorumVV.
839 1029 994 1109 DD.,quos
1004 1031 1039 1090 de
1049 1031 1266 1107 eisdisputasse
1276 1031 1392 1108 novi1)‚

211 1151 308 1212 neque
337 1134 401 1209 ipse
432 1134 509 1208 apud
539 1133 613 1191 alios
641 1152 690 1190 eas
713 1131 815 1192 inveni
839 1133 998 1210 scriptores
1021 1132 1079 1192 nisi
1104 1135 1182 1209 apud
1206 1135 1391 1194 Herodotum

212 1235 415 1314 Thucydidem
440 1235 631 1294 Aristotelem
653 1235 849 1307 recentiores,
879 1240 980 1293 tamen
1001 1235 1102 1296 nescio
1126 1255 1164 1295 an
1187 1237 1285 1296 minus
1307 1241 1392 1296 nota-

209 1338 279 1397 bilis
302 1338 356 1408 sit,
388 1357 455 1396 cum
477 1337 652 1413 praesertim
676 1339 935 1397 Demosth.121:
967 1330 1007 1406 σός
1036 1330 1073 1395 άν
1103 1331 1228 1397 κάλλιστ’
1250 1333 1332 1421 αὐτῷ
1355 1333 1393 1398 τά

210 1431 333 1517 παρόντ’
356 1435 412 1516 ἔχει
439 1441 555 1519 aliaque
577 1440 607 1498 id
630 1459 723 1515 genus
746 1440 922 1516 exempla2)
952 1440 1011 1500 illis
1034 1461 1155 1517 prorsus
1176 1445 1392 1519 respondeant:

210 1543 324 1604 scilicet
346 1562 382 1602 ca
403 1545 495 1602 verba
518 1543 719 1603 subaudienda
734 1543 847 1619 pariter
862 1540 967 1605 relicta
982 1548 1060 1618 sunt,
1084 1563 1161 1623 quae
1181 1546 1214 1603 iu
1237 1546 1392 1606 enuntiato

210 1647 350 1723 primario
381 1664 523 1723 expresse
551 1646 742 1722 reperiuntur
756 1648 794 1720 ³).
839 1644 918 1708 Quin
950 1647 1039 1705 etiam
1069 1649 1161 1707 verba
1192 1638 1233 1716 cir
1260 1639 1391 1724 τάχιστα,

211 1741 253 1819 οἷς
275 1741 380 1828 άριστα
403 1751 462 1808 huc
484 1749 668 1826 spectent4).
713 1752 813 1828 Atque
837 1750 1008 1809 Herodotus
1036 1750 1067 1808 in
1090 1771 1145 1809 usu
1168 1753 1327 1812 verborum
1351 1744 1394 1820 oie

209 1849 325 1912 ἕκαστοι
347 1872 454 1928 parcus
476 1856 531 1924 est,
553 1851 741 1930 Thucydides
764 1857 862 1911 autam
885 1858 945 1911 tam
967 1852 1168 1932 frequensb),
1191 1861 1225 1913 ut
1246 1874 1393 1914 nonnum-

211 1975 300 2036 quam
331 1955 413 2028 origo
445 1955 557 2031 ellipsis
580 1955 761 2015 obscuretur.
806 1955 952 2030 Exempla
975 1961 1060 2015 sunt:
1087 1956 1198 2016 Herod.
1215 1959 1230 2014 Ι
1250 1961 1318 2030 114,
1339 1963 1392 2017 10:

212 2050 253 2126 σός
284 2050 397 2138 ἑκάστῳ
427 2054 514 2135 ἔργον
543 2051 737 2135 προστάσσων
767 2057 800 2134 (i.
824 2077 849 2117 e.
873 2053 1067 2136 προστάσσων
1098 2055 1184 2138 ἔργον
1214 2050 1254 2127 οἷς
1277 2053 1392 2141 ἑκάστῳ

210 2156 353 2236 προςὲταξ
367 2159 388 2236 ).
436 2161 478 2219 VI
494 2161 543 2233 79,
561 2166 598 2218 6:
629 2153 703 2217 κατά
733 2154 915 2235 πεντήκοντα
943 2162 1002 2218 τοῖν
1020 2155 1163 2239 Ἀργείων
1186 2153 1226 2230 οἷς
1248 2154 1394 2231 ἑκάστους

210 2256 426 2338 ἐκκαλούμενος
448 2253 466 2321 ό
490 2258 659 2338 Κλεομένης
691 2258 807 2323 ἔκτεινε.
846 2267 894 2336 81,
914 2269 948 2324 5:
971 2257 1050 2332 ὅκως
1071 2256 1157 2339 λάβοι
1179 2257 1244 2323 τινά
1266 2265 1325 2323 τῶν
1341 2258 1392 2340 νή-

209 2381 281 2438 σων,
298 2357 339 2435 τός
354 2359 480 2441 ἑκάστην
496 2361 644 2442 αλρὲυντες
661 2363 692 2423 ολ
705 2359 854 2446 βάρβαροι
871 2362 1049 2445 ἐσαγήνευον
1064 2359 1134 2436 τυάς
1144 2359 1336 2446 άνθράπους.
1348 2401 1390 2411 -

210 2452 380 2543 1’1ωο.18,
398 2476 433 2531 4;
463 2466 494 2527 οἱ
524 2459 564 2538 οἷς
587 2462 858 2543 ἕκαστοιἝλληνες
880 2462 955 2527 κατά
979 2464 1078 2538 πόλεις
1100 2489 1130 2528 τε
1152 2467 1204 2528 καὶ
1226 2463 1394 2546 ξύμπαντες

210 2565 333 2651 ὕστερον
355 2568 516 2648 κληθέντες
539 2566 628 2630 οὐδὲν
651 2565 710 2648 πρό
734 2575 794 2629 τοῖν
814 2573 956 2649 Τρωικῶν
979 2564 1091 2650 άθρόοι
1116 2569 1255 2650 ἔπραξαν.
1292 2577 1341 2647 15,
1358 2579 1393 2633 2ο

209 2668 272 2735 κατ’
295 2668 438 2752 ἀλλήλους
461 2666 503 2745 σός
525 2672 642 2735 ἕκαστοι
673 2673 704 2733 ολ
723 2670 925 2755 ἀστυγείτονες
948 2671 1119 2751 ἐπολέμουν.
1154 2681 1203 2749 48,
1221 2682 1257 2736 4:
1282 2667 1315 2734 τό
1339 2670 1394 2749 μὲν

210 2771 307 2849 δεξιόν
337 2775 426 2857 κέρας
457 2799 488 2836 αι
510 2777 682 2859 Μεγαρίδος
704 2779 772 2854 νῆες
795 2769 873 2854 εἶχον
895 2773 945 2836 καλ
970 2775 1003 2835 αἱ
1018 2772 1285 2855 Ἀμπρακιωτίδες,
1316 2772 1392 2836 κατά

209 2876 241 2940 δὲ
270 2874 303 2939 τό
334 2878 424 2956 μέσον
454 2878 485 2939 οἱ
512 2873 591 2939 άλλοι
621 2875 768 2957 ξύμμαχοι
799 2872 839 2950 σός
870 2876 998 2940 ἕκαστον.
1034 2883 1083 2953 67,
1101 2886 1135 2941 4;
1168 2877 1219 2938 καὶ
1252 2878 1283 2939 οἱ
1310 2873 1391 2939 άλλοι

208 2978 375 3062 ἐγκλήματα
405 2981 563 3044 ἐποιοῦντο
595 2974 635 3051 αῖς
666 2979 781 3042 ἕκαστον
804 2980 854 3041 καλ
879 2985 1032 3061 Μεγαρῆς.
1076 2989 1125 3056 89,
1142 2989 1178 3044 2ο
1202 2975 1394 3042 άπόπλευσαν

210 3083 239 3157 ἐξ
261 3077 479 3162 Ἑλλησπόντου
503 3077 544 3156 σός
566 3083 685 3146 ἕκαστον
706 3079 783 3145 κατά
806 3078 916 3156 πόλεις.
954 3092 1004 3161 98,
1021 3093 1057 3146 4:
1080 3080 1184 3165 πράττγ
1207 3078 1283 3161 αὕτη
1306 3080 1393 3155 πόλις

279 3293 305 3356 1)
322 3294 352 3340 V.
371 3292 459 3340 nach.
479 3292 522 3340 Gr.
536 3291 580 3341 Gr.
593 3294 626 3340 11.
646 3293 731 3354 5628.
746 3296 758 3341 l
773 3308 786 3340 e
799 3308 822 3352 p.
838 3294 912 3340 1510.
945 3292 1070 3339 Kuchner.
1089 3291 1132 3339 Gr.
1154 3289 1196 3338 Gr.
1216 3291 1248 3338 11.
1268 3290 1283 3351 ξ
1297 3292 1354 3338 555.
1368 3293 1392 3338 5.

208 3381 266 3428 adn.
282 3382 321 3428 115.
340 3395 365 3440 p.
383 3381 441 3429 821.
483 3380 605 3439 Krueger.
626 3379 668 3426 Gr.
690 3378 732 3426 Gr.
751 3381 770 3425 1.
790 3379 912 3435 §caca
928 3380 951 3425 1.
987 3378 1122 3425 Hermann.
1142 3378 1173 3424 sd
1192 3377 1277 3437 Viget.
1296 3391 1321 3437 p.
1334 3377 1392 3424 851.

208 3466 331 3514 Schaefer.
355 3465 387 3512 ad
404 3465 529 3512 Lambert.
549 3467 598 3513 Bos
616 3465 733 3525 ,Ellipees
751 3465 869 3512 Graecae·
888 3479 912 3524 p.
926 3467 982 3513 802.
1025 3465 1120 3524 Poppo.
1145 3463 1176 3510 ad
1194 3463 1270 3509 Thac.
1289 3463 1302 3509 1
1323 3466 1346 3520 ³,
1368 3467 1393 3510 4.

210 3551 287 3598 Stein.
306 3551 337 3597 ad
349 3551 441 3597 Herod.
455 3551 490 3597 Vl
504 3554 545 3610 31,
559 3552 574 3600 5
593 3549 837 3598 Solen.ad11uciau.
850 3564 902 3596 ver.
915 3549 999 3596 histor.
1013 3551 1024 3596 1
1041 3550 1070 3595 15
1084 3552 1130 3608 (=
1143 3549 1201 3595 edit.
1215 3548 1269 3607 Bip.
1283 3547 1333 3592 vol.
1347 3548 1391 3594 IV.

209 3652 235 3696 p.
247 3635 316 3698 553.)
335 3634 437 3684 Gesner.
458 3637 489 3683 ad
507 3636 609 3683 Luciam.
629 3637 659 3683 dc
676 3637 761 3683 astrol.
781 3637 803 3684 1.
822 3635 866 3700 (=
878 3636 935 3683 edit.
948 3636 1004 3695 Bip.
1019 3636 1070 3682 vol·
1082 3635 1112 3680 V.
1125 3650 1149 3694 p.
1163 3631 1232 3696 528.)
1251 3632 1393 3680 Ossaubon.

209 3723 240 3769 sd
259 3721 373 3770 strabon.
393 3736 417 3780 p.
432 3721 488 3768 510.
508 3718 552 3786 (=
564 3721 606 3767 lib.
619 3721 657 3768 XI
669 3723 692 3780 8,
707 3723 732 3778 2)
751 3721 925 3781 Wyttsubach.
946 3715 1058 3784 ,ἐκλογαὶ
1076 3715 1211 3781 ἱστορικοίι
1230 3734 1253 3779 p.
1269 3719 1326 3767 348.

278 3805 305 3869 2)
323 3806 353 3855 V.
373 3809 589 3855 Weetermannum
616 3812 640 3853 et
658 3807 795 3853 Frankium
821 3807 853 3853 ad
870 3808 941 3853 Dem.
960 3807 977 3853 1.
990 3807 1007 3853 1.
1026 3805 1163 3853 Rehdanta.
1188 3804 1239 3852 ind.
1259 3805 1388 3853 Demosth.

209 3895 240 3942 11.
261 3908 283 3942 a.
302 3909 327 3941 v.
346 3887 391 3950 τάς.

277 3977 303 4045 3)
322 3979 390 4039 Quae
409 3977 548 4038 explicandi
573 3976 636 4024 ratio
654 3991 731 4036 quem
748 3983 815 4025 recta
833 3978 865 4026 sit
883 3977 1040 4037 cognoscitur
1058 3990 1087 4023 ex
1106 3976 1325 4034 Herod.129,d:
1346 3967 1395 4025 αἀ-

209 4062 330 4116 ικνέονται
354 4061 381 4121 ἐς
399 4059 499 4126 Σάρδις
523 4054 593 4113 ἄλλοι
617 4077 646 4112 τε
666 4061 688 4113 οἱ
711 4056 804 4120 πάντες
822 4058 852 4112 ἐκ
875 4060 924 4127 τῆς
941 4057 1067 4118 Ἑλλάδος
1093 4055 1214 4125 σοφισταὶ
1232 4054 1268 4118 οἷς
1287 4056 1394 4118 ἕκαστος

208 4144 293 4202 αὐτῶν
311 4142 455 4201 ἀπικνέοιτο
472 4145 517 4199 καὶ
535 4144 569 4212 δή
589 4144 634 4197 καλ
651 4144 751 4199 Σόλων.

278 4234 305 4298 4)
325 4237 363 4286 Cf.
383 4235 470 4281 Matth.
491 4233 533 4281 Gr.
553 4234 597 4280 Gr.
611 4234 643 4279 11.
657 4233 672 4293 ᾖ
685 4233 743 4280 481.
757 4247 777 4279 ο.
797 4232 924 4281 Kuehner.
944 4231 987 4279 Gr.
1001 4231 1044 4279 Gr.
1059 4233 1090 4279 ll.
1104 4233 1162 4280 582.
1175 4235 1198 4280 2.
1212 4233 1269 4280 adn.
1282 4234 1306 4281 4.

280 4320 305 4384 5)
324 4320 362 4372 Cf.
382 4319 476 4367 Wise'n.
497 4320 545 4378 ‚De
564 4318 589 4366 vi
608 4324 632 4366 et
650 4332 696 4366 usu
714 4319 849 4382 particulae
868 4313 904 4378 οἷς
923 4319 988 4385 apud
1007 4318 1094 4366 Thuc‘
1112 4333 1137 4390 p.
1152 4321 1192 4373 13.
1205 4331 1225 4368 ε.
