3192 4902
680 242 870 322 mr...

182 427 292 492 Attiois
314 430 507 510 scriptoribus
529 431 638 492 usitata
660 436 723 491 erat
746 433 837 492 altere
860 451 917 492 non
936 432 1018 505 item,
1041 431 1170 492 variasse
1185 430 1263 490 intra
1278 430 1364 492 vide·

181 535 287 595 bimus.

267 642 306 697 At
328 637 544 713 Antiphontem
568 657 686 717 quoque
710 631 856 695 ἀδυνασία
879 658 963 696 usum
980 657 1042 696 esse
1066 637 1273 712 grammatious
1297 638 1363 717 qui-

181 741 248 798 dam
280 740 312 798 in
335 741 430 800 Bekis.
462 742 561 799 anecd.
584 743 610 800 I.
633 760 662 816 p.
688 745 747 798 345
770 740 879 800 tradit:
909 735 1060 814 ἀδυναμία
1093 737 1168 818 ἐρεῖς
1200 732 1240 808 νίς
1264 743 1365 814 Δημο-

182 838 302 918 σθένης,
325 839 376 902 καὶ
400 834 547 900 ἀδυνασία
564 833 603 911 nie
613 835 760 915 Ἀντιφῶν
783 839 833 900 καὶ
851 840 1051 918 Θουκυδίδης,
1079 840 1128 899 καὶ
1153 837 1298 900 ἀδυνανία
1322 834 1364 910 νίς

184 937 368 1021 Δεινόλοχος.
413 945 471 1004 Sed
494 945 619 1016 codices,
643 946 694 1024 qui
718 945 837 1023 quidem
861 947 897 1003 ad
920 965 974 1004 nos
997 945 1200 1020 pervenerint,
1231 965 1290 1003 nno
1313 945 1365 1002 tllo

184 1048 258 1119 loeo,
282 1068 340 1126 qno
362 1048 418 1106 hoe
432 1050 557 1107 verbum
579 1047 743 1122 invenitur,
767 1048 792 1105 V
810 1054 838 1119 2,
863 1051 1007 1125 praebent
1025 1049 1078 1106 τοῦ
1097 1044 1188 1124 λέγειν
1205 1040 1363 1122 ἀδυναμία.

183 1149 320 1210 Ceterum
342 1149 375 1208 in
398 1150 593 1226 Antiphonte,
625 1169 700 1228 quae
732 1157 777 1209 est
808 1150 871 1210 eins
894 1150 1037 1209 sermonis
1060 1151 1222 1228 antiquitas
1247 1160 1364 1209 etcum

181 1252 327 1311 Herodoti
350 1251 491 1324 affinitas,
514 1253 591 1311 hano
613 1254 736 1311 formam
759 1253 846 1311 facile
868 1255 1020 1312 ferremus.

266 1355 454 1432 'I'hnoydides
478 1359 597 1431 praeter
619 1357 741 1414 formem
766 1349 986 1414 σκεδάννυσθαι
999 1356 1036 1433 1),
1068 1376 1143 1433 quae
1168 1356 1274 1414 Atticis
1297 1376 1364 1430 pro-

180 1460 250 1518 bata
272 1462 324 1532 est,
348 1456 525 1516 σκίδνασθαι
549 1456 607 1517 sibi
630 1458 775 1518 consessit
797 1459 842 1519 VI
857 1464 905 1530 98,
924 1464 940 1514 3
958 1450 1230 1533 (ἀποσκίδνασθαι).
1279 1459 1365 1515 Hane

180 1560 327 1636 imprimis
350 1562 427 1639 apud
449 1563 538 1619 Iones
559 1560 591 1619 in
614 1582 670 1620 usu
692 1561 783 1620 fnisse
806 1567 896 1620 testes
919 1569 989 1620 sunt
1013 1561 1182 1620 Herodotus
1205 1563 1303 1633 1125,
1327 1567 1366 1620 9:

183 1656 414 1732 διασκιδνάντες.
445 1664 489 1722 lv
515 1669 583 1737 113,
608 1669 639 1721 3:
670 1657 932 1738 ἀποσκιδνάμεναι.
967 1664 1045 1722 VIII
1068 1669 1117 1734 23,
1142 1665 1178 1722 7:
1209 1655 1271 1738 ἀμα
1294 1655 1364 1744 ἡλίῳ

183 1761 375 1847 σκίδναμένῳ,
410 1765 458 1824 IX
481 1771 529 1839 80,
552 1773 587 1825 4:
613 1759 812 1841 σκιδνάμενοι,
836 1772 867 1825 et
888 1765 1087 1842 Hippocrates
1110 1768 1146 1823 de
1169 1769 1270 1825 morbo
1293 1785 1365 1825 seor.

183 1869 244 1928 voi.
260 1868 349 1928 XXI.
373 1888 403 1944 p.
415 1874 485 1928 600.
508 1868 560 1941 in.,
583 1889 611 1944 p.
629 1875 699 1926 612.
724 1871 809 1940 med,
832 1871 868 1926 do
891 1868 963 1927 loeis
985 1869 1017 1926 in
1040 1869 1161 1926 homine
1184 1853 1242 1927 ¹vol.
1258 1868 1365 1927 XXII.

184 1990 212 2047 p.
233 1974 303 2033 103.
326 1990 384 2044 ex,
407 1973 443 2030 de
465 1971 575 2029 morbis
597 1970 648 2032 lib.
672 1972 696 2030 I.
720 1971 779 2032 vol.
795 1971 899 2030 XXII.
924 1992 952 2048 p.
971 1977 1039 2030 192.
1063 1972 1138 2030 med.
1162 1970 1263 2047 (bis.):
1286 1969 1365 2026 σκίδ-

185 2053 269 2131 ναται
292 2107 334 2116 -
356 2075 393 2132 de
416 2073 521 2132 diebus
542 2073 727 2132 iudicatoriis
750 2075 809 2134 vol.
832 2074 920 2132 XXI.
945 2094 972 2150 p.
999 2078 1069 2132 151.
1091 2076 1177 2145 med,
1201 2074 1236 2130 de
1255 2072 1364 2130 intern.

183 2176 363 2238 affectionib.
394 2177 451 2235 vol.
475 2176 580 2236 XXII.
611 2196 640 2252 p.
665 2180 734 2234 513.
758 2177 851 2236 med:
883 2174 1051 2234 σκίδνανναι
1075 2210 1115 2219 -
1139 2177 1174 2233 de
1197 2181 1257 2233 nat.
1281 2175 1366 2250 pueri

183 2278 242 2337 vol.
265 2278 353 2340 XXI.
385 2298 413 2354 p.
437 2283 508 2339 411.
531 2279 625 2339 med:
655 2276 855 2352 σκιδναμένου
880 2313 918 2322 -
949 2280 986 2337 de
1008 2279 1079 2339 vict.
1103 2283 1158 2337 rat.
1181 2277 1232 2338 lib.
1257 2280 1281 2337 I.
1305 2276 1363 2336 voi.

184 2380 273 2440 XXI.
305 2401 334 2459 p.
360 2386 430 2444 652.
461 2401 523 2454 ex.‚
556 2383 592 2439 de
624 2381 736 2440 morbis
768 2382 821 2442 lib.
853 2382 878 2439 I.
909 2381 968 2443 vol.
998 2381 1104 2440 XXII.
1138 2401 1166 2456 p.
1198 2385 1269 2438 206.
1302 2399 1364 2439 em:

184 2481 372 2541 σκίδνασθαι.
396 2519 436 2526 -
466 2486 502 2542 de
525 2486 617 2542 morb.
640 2503 712 2546 saer.
735 2485 794 2543 vol.
817 2485 906 2543 XXI.
938 2504 967 2560 p.
992 2490 1064 2542 601.
1087 2485 1163 2542 med.
1186 2481 1364 2563 σκιδνασθῇ.

269 2587 427 2646 Praeterea
449 2605 512 2645 eam
536 2588 614 2664 apud
637 2593 749 2663 poetas,
772 2588 899 2646 maxime
915 2589 1077 2646 Homerum
1101 2593 1131 2646 et
1146 2586 1320 2656 Hesiodum,
1336 2590 1365 2642 et

184 2687 343 2764 serIptores
373 2689 553 2749 recentiores
582 2689 759 2767 legimus2).
810 2691 923 2748 Rursus
954 2710 1019 2748 oum
1052 2689 1222 2748 testimonio
1254 2694 1365 2760 vetere,

184 2791 314 2850 Pollucis
330 2791 383 2852 VI.
403 2797 471 2850 194.
495 2792 570 2864 dieo,
594 2785 865 2850 διασκεδάννυσθαι
882 2785 903 2867 ἢ
919 2787 959 2860 είς
975 2787 1120 2863 Ξενοφῶν
1136 2789 1365 2848 διασκίδνασθαι

182 2893 306 2966 oodioes,
329 2894 381 2972 qui
404 2895 490 2952 nobis
512 2894 623 2955 servati
646 2900 724 2967 sunt,
747 2891 926 2969 discrepant.
959 2894 1032 2951 Utut
1055 2898 1109 2966 est,
1132 2891 1311 2950 σκίδνασθαι
1332 2892 1364 2949 in

180 2995 280 3054 Attico
304 3014 439 3055 sermone
461 3016 521 3056 non
545 2996 674 3072 vigebat.

267 3099 360 3158 Porro
383 3099 420 3156 ab
443 3099 610 3159 Atticorum
633 3099 819 3176 scriptorum,
842 3097 1051 3156 Demosthenis
1074 3098 1121 3173 (V.
1140 3099 1190 3172 8.)‚
1213 3097 1292 3156 Isaei
1316 3098 1363 3173 (V.

183 3199 255 3277 43.),
278 3201 422 3260 Dinarchi
445 3202 482 3278 (I.
507 3204 569 3278 40.)
592 3202 735 3281 loquendi
758 3201 971 3261 eonsuetudine
987 3201 1174 3277 Thueydides
1187 3201 1266 3260 VIII
1283 3205 1363 3273 81,3

183 3303 330 3376 desoiseit,
353 3304 491 3378 congruit
513 3325 578 3363 oum
602 3305 754 3364 Herodoto
778 3306 833 3383 (VI
851 3310 889 3362 86
906 3326 932 3378 α,
959 3303 1020 3381 21),
1045 3304 1069 3362 si
1093 3304 1206 3377 Suides,
1229 3304 1365 3375 Zonaras,

182 3407 311 3482 Etymol.
330 3409 371 3465 M.
397 3426 463 3465 eum
486 3403 698 3486 ἐξαρμορσίσαι,
722 3400 779 3465 orie
802 3403 989 3485 ἐξαργυρίσαι
1012 3407 1165 3485 seripsisse
1188 3426 1258 3465 vere
1281 3425 1364 3483 prae·

182 3504 349 3584 oipinnt3).
374 3507 510 3571 *Quibus
541 3510 630 3568 fidem
659 3509 794 3584 derogari
825 3529 859 3570 eo
885 3509 978 3584 magis
1002 3509 1103 3583 nolim,
1126 3508 1196 3586 quia
1217 3509 1241 3566 B
1265 3509 1289 3566 G
1313 3507 1365 3586 qui

182 3615 252 3670 sunt
273 3610 351 3670 inter
373 3610 500 3688 optimae
524 3616 610 3671 notae
632 3612 747 3672 oodioes
769 3615 893 3672 eandem
915 3612 1091 3688 scripturam
1115 3611 1260 3670 exhibent
1269 3606 1310 3688 δ).

253 3748 278 3811 1)
297 3749 415 3807 Legimus
434 3747 499 3795 enirn
516 3749 529 3795 I
547 3749 587 3806 54,
608 3753 620 3796 1
649 3746 821 3800 διεσκέδασεν.
846 3749 881 3796 1v
901 3751 957 3807 112,
976 3751 1007 3795 3:
1026 3741 1214 3798 έσκεδάνννντσ.
1242 3748 1254 3792 1
1275 3750 1316 3804 74,
1335 3749 1363 3794 2:

173 3830 378 3890 σκεδασθέντες.
411 3834 556 3892 11198,1=
580 3829 812 3898 διεσκεδάσθησαν.
848 3837 872 3881 11
891 3835 965 3892 2⁶,2
993 3834 1086 3891 lvne,
1108 3837 1135 3879 1:
1170 3828 1363 3894 ἐσκεδασμένον.

182 3919 219 3966 IV
239 3921 279 3980 12,
299 3921 329 3966 2ι
347 3915 548 3982 ἐσκεδασμένων.
574 3919 610 3965 Vl
628 3921 669 3978 52,
688 3923 718 3967 2:
738 3916 950 3984 ἐσκεδασμένους.
976 3916 1011 3985 [11
1031 3921 1088 3975 102,
1106 3921 1136 3964 4ι
1158 3913 1362 3980 σκεδάνννσὲαι.)

252 4003 277 4068 2)
295 4004 325 4052 V.
344 4004 439 4052 Vettob.
458 4019 481 4065 p.
502 4005 563 4053 593.
587 4004 714 4054 Kuehner.
732 4005 776 4053 Gr.
795 4003 863 4057 Gr.1
881 4020 904 4065 p.
925 4008 982 4054 906.
1008 4005 1095 4051 Mattb.
1114 4003 1156 4052 Gr.
1177 4001 1219 4050 Gr.
1238 4003 1259 4050 1.
1277 4002 1363 4063 52⁶0.

183 4104 207 4149 p.
228 4092 285 4137 6112.

251 4173 276 4238 3)
295 4176 333 4222 De
352 4175 427 4225 simili
445 4176 550 4224 aliorum
568 4177 702 4225 verborum
719 4178 784 4226 inter
802 4175 856 4229 οὖν
875 4182 900 4224 et
917 4174 988 4236 -ίζειν
1008 4176 1192 4224 terminationes
1204 4174 1363 4222 fluctuatione

184 4260 324 4309 Lobeokins
342 4263 374 4309 ad
391 4263 484 4322 Phryn.
504 4279 528 4324 p.
548 4264 596 4311 361
618 4277 636 4311 s.
656 4263 777 4323 exposuit.

251 4344 276 4418 1)
295 4349 380 4408 Neque
397 4363 458 4396 vero
477 4347 580 4396 dubium
605 4352 642 4396 est
666 4349 724 4409 quin
748 4349 853 4396 formam
870 4347 980 4395 Ionicum
1002 4343 1123 4412 τάμωμεν
1142 4361 1172 4394 ex
1182 4345 1333 4408 'Thucydide
1350 4345 1363 4392 1
