3192 4902
690 239 902 318 *aad

206 419 389 508 περιπολίοις
419 417 482 502 άμα
514 417 724 495 άναλίσκοντας
753 423 804 485 καλ
835 420 976 486 ναυτικόν
1005 419 1081 486 notri
1104 424 1146 486 ἔτι
1171 413 1309 488 ἐνιαυτόν
1330 417 1388 506 ἤδη

207 525 374 607 βόσκοντας
396 521 432 588 τά
455 523 507 604 μὲν
530 520 660 606 άπορεῖν,
684 522 720 586 τά
743 524 770 587 δ’
797 527 839 588 ἔτι
862 523 1070 607 άμηχανήσειν.

291 634 462 692 Herodotus
492 637 522 690 et
550 631 739 708 Thucydides
769 653 829 692 non
860 633 954 692 solum
987 624 1148 708 ἐμβάλλειν,
1179 627 1388 711 παραβάλλειν,

172 765 175 772 ·
205 727 412 813 προσβάλλειν,
445 725 629 810 περιβάλλειν
655 733 747 812 idque
778 755 866 798 sensu
896 735 1154 809 oircumvahendi,
1187 735 1389 795 circumeundi

205 838 331 916 (Herod.
355 838 399 895 VI
422 841 471 909 44,
498 841 534 894 10
565 835 656 894 Thuc.
680 837 757 897 VIII
781 841 829 911 95,
849 836 871 904 ,1
911 839 1052 914 Xenoph.
1074 839 1246 914 GynV29
1280 840 1321 898 VI
1342 843 1388 911 18,

173 973 181 980 -
204 941 256 999 ubi
278 961 308 999 v.
331 938 493 1015 Sauppium
517 944 547 997 et
569 938 732 1013 Dindorf.),
763 945 797 998 ut
819 940 928 1021 reliqui
954 940 1056 1014 Attici,
1087 940 1277 1000 intransitive
1299 960 1387 1016 posu-

205 1048 302 1115 erunt,
325 1043 376 1102 sed
399 1041 490 1101 etiam
512 1034 758 1114 dispariare,
783 1063 841 1121 quo
864 1043 895 1101 in
920 1063 976 1102 usu
995 1061 1081 1102 nemo
1104 1062 1172 1102 oum
1194 1042 1232 1102 iia
1255 1043 1387 1103 concinit

206 1146 263 1205 nisi
286 1150 408 1221 poetae,
440 1144 578 1221 Aeschyl.
609 1145 645 1207 fr.
670 1150 720 1203 66.
742 1165 771 1204 v.
795 1150 825 1206 4.
848 1144 910 1223 (D),
940 1145 1045 1222 Eurip.
1069 1146 1171 1223 Suppl.
1195 1151 1265 1204 930.
1299 1146 1387 1208 Rhea.

208 1251 277 1307 117.
308 1247 439 1306 Demetr.
463 1266 535 1306 com.
551 1246 587 1305 fr.
603 1247 629 1305 Ι.
652 1266 682 1307 v.
700 1252 727 1305 2.
750 1248 865 1323 (fragm.
889 1267 964 1307 com.
981 1248 1083 1308 Graec.
1099 1248 1170 1306 edit.
1187 1249 1256 1308 mai.
1272 1247 1386 1323 Mein).

204 1353 269 1410 Hoc
300 1351 423 1408 verbum
455 1349 506 1406 ubi
536 1348 758 1408 intransitivum
786 1349 885 1409 induit
912 1350 973 1409 vim
1003 1351 1081 1409 idem
1111 1370 1175 1411 esse
1209 1372 1242 1410 ac
1273 1349 1387 1427 διαβαί-

205 1473 264 1511 νειν
287 1452 351 1512 sive
374 1452 575 1528 περαιοῦσθαι
591 1479 635 1500 =
652 1451 786 1525 traicere,
812 1472 850 1510 ex
872 1452 919 1513 his
941 1453 1015 1512 locis
1031 1473 1208 1529 cognosces:
1231 1453 1387 1514 HerodV

206 1561 255 1627 33,
279 1561 313 1614 6:
337 1551 397 1631 ίσχε
420 1547 473 1623 τάς
495 1549 565 1623 νίας
587 1551 617 1623 ἐς
634 1547 790 1626 Καύκασα,
815 1546 857 1623 οἷς
880 1550 1018 1613 ἐνθεῦτεν
1033 1552 1125 1639 βορέῃ
1149 1551 1250 1638 άνέμῳ
1277 1553 1307 1626 ἒς
1329 1549 1385 1633 τήν

206 1652 309 1728 Νάξον
332 1650 476 1735 διαβάλοι,
510 1657 561 1716 ubi
584 1662 684 1716 tamen
705 1657 793 1716 facile
817 1657 995 1732 cogitatione
1017 1660 1139 1735 supples
1162 1652 1215 1729 τάς
1237 1655 1321 1731 νέας,
1352 1664 1386 1719 ut

204 1761 345 1837 scriptum
369 1767 413 1819 est
435 1761 528 1830 Van,
555 1760 671 1819 7.-VI
687 1766 736 1833 44,
755 1765 792 1819 8:
816 1756 848 1817 Ia
873 1753 976 1819 Θάσου
999 1755 1189 1836 διαβαλόντες
1211 1757 1305 1840 πέρην
1324 1753 1383 1820 rino*

205 1856 258 1938 τὴν
287 1855 412 1939 ἤπειρον
443 1859 613 1936 ἐκομίζοντο
644 1858 726 1941 μέχρι
744 1855 911 1922 Ἀκάνθου.
948 1863 1008 1937 (ΙΧ
1034 1867 1103 1938 114,
1131 1864 1190 1938 10).
1234 1846 1327 1922 Thuc.
1351 1865 1385 1922 11

208 1972 254 2040 33,
273 1971 307 2026 3:
331 1959 456 2043 (αὐτοῖν)
480 1962 512 2024 ἐκ
537 1965 668 2041 Πατρῶν
690 1967 743 2040 τῆς
765 1958 883 2042 Ἀχαίας
905 1958 981 2045 πρός
1003 1959 1057 2041 τήν
1080 1958 1238 2044 α’ντιπέρας
1262 1959 1385 2045 ἤπειρον

204 2062 430 2145 διαβαλλόντων.
474 2067 519 2128 VI
543 2073 591 2141 30,
618 2072 652 2126 1:
685 2069 742 2127 τῶν
768 2062 929 2146 ξυμμάχων
959 2071 1021 2138 τοῖς
1051 2068 1196 2138 πλείστοις
1226 2066 1324 2145 είρητο
1354 2066 1385 2138 ἒς

205 2165 367 2251 Κόρκυραν
389 2167 589 2248 ξυλλέγεσθαι,
622 2162 662 2240 οός
685 2167 802 2230 ἐκεῖθεν
824 2165 953 2248 άθρόοις
975 2168 1024 2230 ἐπί
1047 2165 1142 2250 όίκραν
1162 2163 1312 2251 Ἰαπυγίαν
1333 2164 1386 2230 τόν

202 2269 308 2333 ’ίόνιον
330 2271 524 2349 διαβαλοῦσιν
539 2274 574 2350 ¹).
607 2278 656 2347 44,
683 2279 716 2334 1:
739 2267 759 2332 δί
782 2273 834 2352 (ec.
856 2274 956 2352 πλοῖα)
978 2267 1043 2333 τότε
1058 2267 1157 2333 πάντα
1181 2271 1213 2334 ἐκ
1236 2276 1289 2350 τῆς
1305 2275 1383 2353 Κορ-

206 2369 300 2453 κόρας
322 2372 506 2450 ξονδιίβαλλε
528 2370 581 2434 τόν
599 2369 706 2434 Ἰόνιον
728 2369 847 2436 κόλπον.
872 2409 915 2420 ·-
938 2377 997 2436 Hic
1019 2378 1222 2453 exemplorum
1242 2396 1384 2436 numerus

204 2481 358 2538 admodum
390 2479 514 2554 exiguus
544 2485 589 2539 est
617 2499 671 2556 pro
702 2500 803 2541 eorum
832 2480 1014 2556 Thucydidis
1045 2482 1175 2540 locorum
1205 2480 1382 2559 frequentia,

203 2583 311 2661 quibus
334 2580 507 2658 διαβαίνειν,
530 2584 720 2661 περαιοῦσθα
742 2583 869 2658 legitur;
901 2603 956 2643 neo
986 2602 1045 2642 nou
1067 2583 1100 2642 in
1122 2588 1208 2642 sexto
1231 2583 1307 2642 libro
1331 2602 1383 2640 ιτε-

202 2687 365 2764 ραιοῦσθαι
388 2685 540 2764 aliquanto
562 2685 749 2764 frequentius
773 2705 836 2745 esse
860 2705 898 2744 ex
919 2685 967 2743 his
989 2690 1073 2762 patet
1092 2685 1185 2745 locis:
1207 2704 1271 2761 cap.
1293 2689 1341 2756 34,
1362 2689 1381 2743 4

202 2787 282 2865 (bis),
307 2793 334 2848 5.
358 2793 408 2848 43.
434 2792 504 2860 104,
530 2793 555 2848 1.
601 2789 775 2865 Esaptimo
804 2788 971 2848 adscribere
993 2788 1077 2849 iurat
1100 2794 1150 2863 33,
1175 2793 1209 2847 3:
1240 2780 1383 2866 ἐπεραιοό·

203 2894 301 2966 θησαν
322 2884 464 2974 ξυμπάσῃ
485 2892 522 2974 τῇ
544 2893 665 2974 στρατιᾷ
687 2885 739 2951 τόν
759 2884 865 2951 Ἰόνιον
887 2885 932 2950 ἐπ’
955 2884 1049 2971 ι’ίκραν
1069 2883 1228 2971 Ἰαπυγίαν.

201 2994 387 3056 Herodotum
404 2994 667 3073 Thucydidemque
690 2996 784 3055 secuti
807 3001 877 3055 sunt
892 2995 1044 3068 Arrianus,
1068 2995 1232 3071 Eunapius,
1255 3014 1380 3072 quorum

201 3097 338 3174 exempla
353 3098 489 3172 Krueger
505 3098 541 3156 ad
556 3097 675 3158 Arrian.
693 3099 790 3158 Anab.
806 3099 822 3156 Ι
839 3106 868 3172 4,
887 3103 900 3157 1
926 3100 1063 3158 Boehner
1081 3118 1110 3174 p.
1128 3103 1177 3158 ll.
1199 3097 1381 3158 Boiseonade

201 3202 239 3258 ad
260 3202 376 3276 Eunap.
408 3199 462 3259 vit.
493 3201 617 3279 sophist.
641 3222 671 3277 p.
695 3203 767 3260 270.
789 3202 940 3274 indicant,
969 3207 1000 3260 et
1028 3200 1174 3278 imprimis
1205 3200 1282 3259 Cass.
1306 3200 1381 3258 Dio:

201 3302 276 3360 XLI
288 3306 341 3376 44,
365 3306 379 3360 1
411 3301 532 3363 XLVII
555 3309 646 3377 30,2
674 3304 921 3378 XLV11118,5.
944 3304 1039 3378 27,4.
1063 3304 1147 3377 47,3
1170 3302 1275 3362 XLIX
1295 3302 1379 3374 17,2

201 3404 291 3477 Lll,
308 3410 336 3465 6.
360 3401 390 3484 *)

269 3642 293 3708 1)
311 3643 341 3693 V.
369 3646 464 3706 Poppo.
491 3647 548 3695 adit.
575 3647 648 3710 οιαὶ,
673 3647 762 3696 schot:
786 3641 976 3706 διακλείσουσι,
994 3642 1271 3711 cramesmuthe.
1292 3671 1324 3681 -
1342 3645 1380 3693 01.

199 3728 350 3778 Valckenar.
369 3737 394 3779 st
411 3732 499 3780 Baehr.
518 3733 549 3779 ad
568 3733 660 3779 Herod.
678 3733 716 3780 IX
735 3735 791 3780 114.

267 3831 292 3893 ⁴¹)
309 3834 338 3880 In
357 3835 481 3894 duplicem
499 3849 607 3883 errorem
626 3836 740 3897 Kruegar
757 3836 851 3896 incidit,
870 3851 926 3884 cum
944 3837 969 3883 in
987 3836 1144 3884 adnotatione
1162 3836 1193 3883 ad
1207 3836 1283 3883 Thuc.
1296 3835 1308 3880 1
1323 3836 1379 3892 126,

158 3985 160 3988 Ι
200 3919 214 3966 7
234 3915 288 3981 (11)
313 3920 471 3968 contenderat
493 3921 596 3968 verbum
614 3920 741 3988 διαχρῆ
752 3921 832 3985 efflas
857 3924 942 3970 valeus
968 3923 1141 3983 „interticere“
1166 3921 1334 3968 Herodotaum
1357 3925 1381 3965 at

199 4003 230 4049 ab
248 4003 295 4050 hoc
312 4005 431 4065 scriptore
449 4021 523 4067 saepe
541 4013 687 4067 usurpatum
705 4021 767 4057 ease.
805 4009 915 4055 Primum
933 4009 998 4055 enim
1025 4009 1214 4068 haudquaquam
1236 4007 1267 4053 ab
1286 4019 1314 4052 eo
1333 4005 1380 4051 fre-

198 4089 319 4148 quentari,
336 4089 411 4138 immo
429 4093 506 4140 semel
526 4093 607 4155 (124,
628 4089 669 4160 12)
696 4094 731 4140 ita
755 4095 863 4154 positum
888 4108 942 4142 esse
966 4094 1121 4142 Godotredns
1138 4093 1233 4139 Herold
1250 4093 1276 4139 in
1295 4091 1378 4138 annal.

197 4174 322 4222 h'taokeIs.
348 4190 372 4223 v.
392 4177 493 4224 LXXV.
512 4176 600 4241 (1851)
626 4193 649 4238 p.
668 4181 718 4227 440
738 4192 789 4238 seq.
816 4179 1009 4240 demonstravit,
1040 4193 1113 4239 porro
1139 4193 1188 4225 non
1215 4193 1268 4226 assa
1293 4190 1379 4224 vocem

197 4261 364 4308 Herodoteam
388 4268 484 4322 praeter
510 4265 586 4311 Thuc.
606 4265 732 4324 1126,st
752 4266 791 4311 111
806 4267 875 4325 30,3
901 4267 977 4312 vles
995 4269 1009 4314 3
1029 4265 1139 4324 Antipho
1152 4265 1172 4313 1.
1191 4265 1238 4311 63:
1257 4258 1380 4325 δεήσεται

199 4339 261 4409 VIII?
283 4347 333 4412 τῆς
360 4343 456 4412 μητρός
480 4346 529 4412 τῆς
553 4345 646 4401 ἐκεῖνον
670 4349 886 4416 διαχρησαμένης.
923 4351 1036 4399 Aeschin.
1051 4351 1167 4398 1112442
1186 4345 1228 4400 ἐάν
1246 4363 1284 4406 τις
1302 4343 1380 4400 αὐτόν
