3192 4902
697 193 910 260 -4ρ-

210 371 286 435 Quis
316 371 515 432 recentiorum
546 369 722 447 scriptorum
759 365 894 449 σπέρχειν
930 366 1084 443 receperit,
1124 368 1230 427 Matth.
1261 367 1312 429 Gr.
1343 367 1394 439 Gr,

210 476 352 535 Kuehner
374 473 425 533 Gr.
449 475 498 534 Gr.
534 473 648 534 Veitch.
670 473 690 533 l.
713 472 731 532 l.
765 474 899 547 Krueger
922 473 959 531 ad
981 471 1115 548 Thucyd.
1138 471 1182 530 IV
1207 474 1244 529 12
1278 473 1395 532 Bloom·

211 579 290 639 field.
313 578 350 636 ed
372 577 505 654 Thucyd.
528 575 572 635 IV
591 580 650 635 126
672 575 816 635 iudicant
839 607 881 618 -
903 573 1088 634 Adverbium
1115 575 1151 632 ab
1176 575 1276 633 eadem
1301 575 1395 652 stirpe

213 685 309 740 ortum
332 676 515 756 ἐπισπερχῶς
540 679 573 737 in
595 678 737 755 Xenoph.
760 677 827 754 Oyr.
849 678 894 738 IV
921 682 946 750 1,
970 683 987 735 3
1012 680 1119 736 exstat.
1165 675 1251 740 Quod
1273 678 1395 755 Sauppe

211 783 243 842 in
265 783 395 856 lexilcgo
418 782 558 858 Xenoph.
586 781 651 841 iure
676 781 755 840 inter
778 798 814 840 ea
835 781 952 840 rettulit
974 777 1137 853 voeabula,
1168 799 1244 859 quae
1266 802 1303 855 „a
1325 801 1395 841 con-

213 883 371 946 suetudine
394 885 572 961 optimorum
594 882 773 960 scriptorum
795 885 966 943 recedunt“.

296 989 404 1048 Ionum
421 1007 502 1048 more
518 979 817 1065 ὑποκρίνεσθαι
836 1006 889 1063 pro
905 978 1121 1065 ὑποκρίνεσθαι
1132 986 1321 1066 Thucydides
1332 988 1395 1048 VII

213 1097 263 1165 44,
288 1098 304 1150 5
339 1091 492 1151 adhibuit:
523 1084 556 1149 τδ
581 1082 607 1148 δ’
609 1087 729 1149 ἐκείνων
752 1082 920 1168 (σύνθημα)
950 1081 1004 1167 οὑχ
1026 1081 1138 1165 ὁμοίως
1159 1081 1320 1166 ἠπίσταντο
1352 1087 1396 1166 (ci

210 1186 381 1270 Ἀθηναῖοι)
413 1186 463 1253 διὺ
484 1186 517 1253 rc*
541 1195 727 1272 κρατοῦντας
755 1184 866 1263 αὑτοὺς
893 1189 942 1252 καί
968 1185 1010 1268 μὴ
1039 1187 1273 1268 διεσπασμένους
1301 1179 1395 1267 ἧσσον

213 1291 399 1375 ἀγνοεῖσθαι,
424 1289 488 1355 ὅστ’
511 1293 539 1354 εί
552 1291 605 1372 μὲν
622 1289 773 1372 ἕντὺχοιίν
794 1311 852 1354 τισι
873 1294 1024 1374 κρείσσους
1047 1289 1131 1365 ὄντες
1153 1296 1213 1353 τῶν
1235 1292 1393 1371 πολεμίων,

213 1395 372 1479 διέφευγον
401 1394 512 1469 αὑτοὺς
541 1391 592 1458 ἅτε
620 1395 740 1458 ἐκείνων
769 1392 956 1474 ἐπιστάμενοι
978 1389 1011 1457 τδ
1035 1389 1184 1474 ξὺνθημα,
1207 1395 1234 1456 εί
1254 1391 1281 1456 δ’
1308 1388 1395 1456 αὑτοὶ

214 1495 255 1578 μὴ
270 1495 480 1581 ὑποκρίνοιντο
498 1500 716 1581 διεφθείροντο.
735 1500 800 1565 Quo
817 1502 881 1561 loeo
898 1502 954 1562 etei
970 1503 1034 1562 cod.
1046 1504 1077 1560 M
1088 1493 1298 1580 ὑποκρίνοιντο
1309 1521 1394 1577 prae·

213 1607 282 1678 bet,
311 1606 398 1665 libris
420 1605 541 1682 optimis
563 1625 618 1664 nec
640 1625 700 1664 uon
723 1604 902 1664 testimoniis
924 1604 1202 1681 lexicographorum
1217 1610 1351 1663 veterum
1366 1605 1394 1679 1)
1489 1610 1493 1618 '

214 1709 315 1768 Photii
328 1708 437 1769 Suidae
452 1707 626 1786 (Eustathii)
645 1706 810 1769 Phavorini
826 1710 924 1784 Etym.
942 1709 981 1768 Μ.
997 1708 1056 1766 nisi
1070 1699 1282 1786 ὑποκρίνοιντο
1292 1713 1395 1767 contra

214 1814 323 1872 Nabar.
347 1812 397 1888 (ad
420 1812 507 1872 Phot.
535 1831 557 1872 ι.
573 1832 601 1872 v.
626 1803 844 1891 ὑποκρίνεσθαι
867 1813 933 1870 adn.
951 1809 993 1886 7.)
1019 1812 1185 1870 Bekkerum
1207 1812 1394 1886 Kruegerum

214 1915 305 1976 ceteri
323 1915 451 1974 editores
481 1921 511 1974 et
533 1915 677 1990 Georgius
699 1914 818 1975 Curtius
841 1913 993 1992 (Berichte
1014 1915 1044 1973 d.
1069 1913 1164 1975 sdchs.
1180 1913 1341 1972 Gesellsch.
1365 1914 1394 1974 d.

214 2017 395 2077 Wissansch.
423 2022 513 2076 1866.
536 2018 636 2077 Ph.·h.
661 2016 775 2089 Klasse,
798 2038 826 2093 p.
853 2021 934 2091 150.)
961 2036 1073 2076 summo
1096 2017 1161 2076 iure
1185 2017 1394 2077 defenderunt.

299 2120 357 2178 Sed
384 2119 443 2178 iam
466 2120 540 2179 mihi
562 2119 762 2180 dimicandum
785 2125 830 2179 est
851 2140 918 2180 cum
943 2119 1192 2180 Sommerbrodtic
1215 2124 1319 2196 utpote
1342 2113 1395 2197 qui

215 2223 305 2298 (hius.
326 2223 385 2282 Rh.
406 2223 465 2283 vol.
480 2223 586 2284 XXII.
609 2219 723 2304 [1867]
745 2244 774 2300 p.
793 2224 876 2300 515.)
899 2223 1040 2282 hocloco
1062 2225 1152 2283 verbo
1174 2214 1393 2300 ὑποκρίνεσθαι

214 2326 367 2384 notionem
395 2325 594 2401 respondendi
626 2327 802 2386 subtrahere
832 2325 987 2386 studuerit.
1037 2327 1120 2400 „huf
1147 2325 1196 2385 die
1227 2329 1393 2399 Antwort“,

213 2427 321 2506 inquit,
350 2429 440 2501 „kam
471 2448 503 2487 es
533 2428 649 2488 hierbei
679 2429 764 2488 nicht
785 2449 839 2502 an,
871 2430 999 2488 sondern
1022 2430 1076 2487 auf
1095 2429 1143 2489 die
1166 2429 1293 2504 richtiga
1315 2431 1394 2488 Ant-

215 2536 300 2591 wort.
343 2522 619 2609 Ζιτὺποκρίνοιντο
641 2523 735 2592 istri
758 2525 901 2609 σύνθημα
923 2553 960 2591 κο
983 2538 1148 2609 ergdnzen3
1171 2523 1392 2609 ὑποκρίνεσθαι

215 2627 247 2692 ec*
271 2625 414 2710 σὺνθημα
435 2633 546 2695 heisat:
577 2637 661 2707 ,iiber
682 2635 730 2695 die
754 2635 859 2695 Parole
883 2635 965 2694 Rcde
988 2636 1102 2712 stehen,
1133 2635 1197 2694 sich
1220 2635 1393 2706 ausweisen,

214 2741 384 2797 ventretea!
428 2737 477 2796 sie
498 2738 621 2801 wollten
644 2735 687 2797 als
709 2758 745 2796 zu
769 2739 826 2796 den
849 2737 984 2796 Feinden
1006 2737 1132 2812 geho'rig
1153 2738 1262 2812 gaitan.
1294 2739 1394 2797 Wenn

214 2840 257 2899 sie
287 2860 349 2898 nun
383 2841 430 2899 die
462 2841 567 2900 Parole
595 2841 682 2899 nicht
710 2842 860 2913 hannten,
893 2842 986 2899 daher
1017 2841 1065 2899 die
1094 2860 1155 2902 von
1184 2840 1277 2898 ihncn
1307 2842 1394 2898 iiber-

213 2961 370 3002 nommens
392 2943 478 3002 Rolle
499 2942 584 3001 nicht
605 2944 806 3002 durchfuhren
828 2945 970 3016 konnten,
994 2962 1025 3001 so
1047 2962 1147 3002 waren
1169 2942 1212 3002 sie
1228 2943 1393 3002 verloren.“

215 3045 290 3102 Rem
313 3045 415 3121 paucis
438 3045 636 3106 absolvamus.
679 3046 738 3105 Gur
760 3047 881 3105 tandem
902 3065 975 3105 voce
998 3040 1031 3104 τὺ
1056 3040 1197 3122 σύνθημα
1220 3051 1300 3106 recte
1323 3066 1394 3121 sup·

215 3147 296 3223 pleta
318 3149 470 3206 notionem
485 3147 685 3224 respondendi
700 3146 836 3207 damnat?
861 3146 942 3210 Quid
956 3147 1055 3206 enim?
1077 3167 1178 3207 nonne
1192 3149 1394 3208 Athenienses

214 3242 247 3308 ιδ
277 3245 421 3332 σύνθημα
443 3252 658 3326 respondentes
686 3256 767 3311 recte
796 3250 1033 3329 responderunt?
1066 3253 1134 3310 Non
1164 3249 1282 3329 reliqua
1305 3270 1394 3329 quae·

215 3373 332 3433 cunque
348 3353 384 3413 V.
394 3353 429 3412 D.
445 3353 571 3429 protulit
583 3354 740 3414 arbitraria
754 3360 824 3413 sunt
839 3359 870 3413 et
885 3352 1063 3414 artificiosa?
1081 3354 1217 3413 Getarum
1233 3354 1302 3412 vide
1318 3373 1394 3432 quas

216 3456 244 3514 ei
267 3455 410 3530 Georgius
434 3456 552 3516 Curtius
573 3459 651 3518 Mus.
674 3457 732 3516 Rh.
754 3459 813 3518 vol.
828 3457 953 3516 xxm.
977 3476 1005 3533 p.
1022 3456 1081 3516 257
1098 3484 1141 3507 =
1159 3457 1200 3516 kl.
1215 3456 1337 3516 Schrift.
1350 3457 1394 3515 11.
1507 3495 1510 3502 »

216 3578 246 3634 p.
272 3563 343 3619 258.
366 3591 408 3602 -
431 3578 484 3635 per
506 3565 653 3620 certamen
674 3562 753 3640 quod
775 3560 855 3620 inter
878 3579 927 3620 eos
957 3560 994 3618 de
1016 3559 1048 3620 vi
1070 3559 1208 3618 vocabuli
1230 3550 1395 3638 ὑποκριτής

215 3781 283 3828 notio
303 3781 442 3842 ,irascendi‘
467 3783 500 3828 ad
516 3782 692 3830 sententiarum
715 3797 805 3830 nexum
824 3783 903 3844 magis
921 3783 1024 3843 quadret
1041 3794 1115 3841 quam
1132 3773 1215 3839 illius,
1239 3795 1302 3840 quse
1321 3795 1396 3841 ‚eom-

215 3868 319 3915 moveri‘
337 3868 435 3915 videtur
453 3881 515 3916 asse.
1116 3859 1119 3863 ’

168 3961 170 3966 ·
286 3956 311 4014 1)
329 3953 401 4001 Phot.
420 3959 444 4001 at
462 3954 529 4001 Suid.
548 3954 611 4002 hacc
627 3955 743 4002 tradunt:
770 3947 964 4019 ὑποκρίνεσθαι·
988 3950 1017 4005 ri
1037 3946 1220 4016 ὑποκρίνεσθαι
1245 3950 1268 4002 οἱ
1285 3948 1394 4002 παλαιοί

216 4035 259 4088 καὶ
278 4031 292 4088 δ
311 4031 449 4104 ὑποκριτὴς
466 4035 582 4091 ἐντεῦθεν
601 4034 615 4090 ὑ
632 4032 831 4104 ἀποκρινάμενος
847 4038 885 4106 τῷ
904 4039 979 4107 χορῷ.
1008 4037 1169 4102 Θονκυδίδης
1192 4039 1211 4098 ζ.
1239 4036 1261 4088 εἰ
1279 4032 1302 4088 δ’
1321 4029 1394 4089 οὐδὲν

215 4117 390 4187 ὑποκρίνοιντο,
408 4123 587 4190 διεφθείροντο.
623 4122 667 4176 καὶ
685 4125 709 4175 οἱ
722 4120 822 4183 Ἴωνες.
859 4118 943 4183 οὕτως
959 4121 1102 4189 Ἡρόδοτος
1119 4127 1192 4186 (VIII
1207 4128 1262 4183 144,
1276 4126 1309 4173 ³0
1321 4126 1392 4185 seu).

215 4207 239 4257 οἱ
256 4205 301 4272 μὲν
319 4203 390 4261 ταῦτ’
409 4206 602 4274 ὑποκρινάμενοι
619 4204 763 4273 Ἀθηναίων
781 4206 977 4277 ἀπηλλάττοντο.
998 4214 1061 4261 Fere
1079 4213 1165 4262 eadem
1177 4211 1268 4259 habeut
1280 4209 1395 4258 Eusteth.

216 4295 744 4366 puummpmmmm
