3192 4902
712 225 924 291 ..28-

228 397 341 462 serrari
371 401 423 459 aut
444 396 577 458 effecturi
600 398 683 459 solet.
728 399 901 458 Herodotus
914 396 943 475 ¹)
974 417 1044 458 vero
1075 399 1106 457 ct
1127 397 1328 475 Hippocrates
1350 416 1410 458 non

228 509 331 565 carent
353 502 514 579 exemplis:
537 501 605 561 vido
624 503 736 562 Herod.
752 503 786 561 Il
803 507 852 575 85,
873 506 908 560 2:
933 503 1044 579 θρῆνοι
1066 496 1099 559 δὲ
1121 497 1171 559 καὶ
1194 500 1287 573 ταφαί
1309 518 1410 576 σφεων

228 601 285 664 εἰσί
308 603 387 663 αἵδε·
410 608 486 664 τοῖσι
509 597 547 662 άν
569 596 748 684 άπογένηται
772 602 804 663 έκ
828 605 887 662 τοῖν
902 601 1006 662 οἰκίων
1021 596 1187 682 άνθρωπος
1204 648 1209 662 .
1228 648 1259 664 ..
1286 607 1407 676 136,17

228 709 278 766 ΙΙΙ
303 714 371 781 111,
397 713 434 767 12
469 709 540 780 v4,
565 713 633 781 5,8
669 709 713 768 VI
731 712 779 781 58,
807 711 862 767 18:
887 699 1015 781 φάμενοι
1030 698 1083 764 τόν
1104 699 1231 765 ὕστατον
1253 703 1310 765 αἰεὶ
1334 701 1408 765 άπο-

228 803 386 889 γενόμενον
415 811 475 869 των
505 805 649 886 βασιλέων
676 811 784 869 τοῦτον
806 802 844 885 δὴ
867 805 1004 887 γενέσθαι
1028 800 1158 886 άριστον.
1204 809 1349 886 Hippocr.
1372 813 1410 871 de

227 913 407 990 septimestri
430 917 517 989 partu
539 913 597 973 vol.
610 913 699 972 XXI.
721 932 750 989 p.
766 916 837 971 454.
861 913 951 971 med:
972 912 1032 969 reio
1054 907 1236 990 γιγνομένων
1259 909 1309 971 καί
1332 906 1409 972 άπο-

228 1012 417 1094 γιγνομένων,
441 1016 477 1074 de
500 1015 616 1075 mulier.
639 1018 731 1074 morb.
755 1015 807 1079 lib.
823 1016 849 1075 Ι.
872 1015 933 1077 rol.
949 1014 1058 1074 XXII.
1081 1035 1109 1092 p.
1126 1015 1198 1075 647.
1214 1017 1308 1076 med:
1331 1009 1407 1073 ὐπο-

226 1117 335 1198 γίνεται
357 1113 409 1176 καλ
431 1110 526 1186 οὕτως
548 1110 581 1176 τό
604 1116 726 1177 παιδίον
756 1117 936 1196 (praecedite
966 1110 1003 1192 ἢν
1032 1110 1087 1196 γάρ
1121 1118 1163 1198 τῷ
1193 1117 1304 1200 παιδίῳ
1327 1111 1409 1195 παρά

227 1215 259 1280 τό
284 1219 358 1290 έθος
381 1243 408 1279 τι
430 1216 558 1299 γένηται,
582 1215 632 1278 καλ
654 1213 692 1296 ἢν
714 1212 839 1296 σμικρόν
862 1217 902 1278 έτι
927 1206 954 1302 ᾖ,
978 1213 1127 1298 θνήσκει),
1151 1221 1188 1280 de
1205 1223 1320 1281 morbb.
1343 1223 1408 1281 vul-

227 1345 288 1398 gar.
310 1324 362 1387 lib.
386 1323 438 1383 IV.
463 1324 521 1382 vol.
544 1322 667 1384 XXIII.
691 1343 720 1399 p.
745 1329 814 1385 632.
839 1324 914 1384 med.
939 1343 967 1399 p.
994 1327 1064 1384 542.
1089 1343 1135 1383 ex.

227 1426 381 1503 Exemplis
411 1445 486 1504 quse
508 1425 540 1484 iu
564 1426 666 1502 Steph.
690 1426 828 1485 thesauro
852 1445 867 1484 e
890 1425 1106 1485 recentioribus
1129 1426 1323 1503 scriptoribus
1345 1429 1408 1487 lcu-

227 1533 335 1590 dcutur
357 1531 432 1588 udde
454 1529 534 1588 Plut.
559 1531 633 1589 Mor.
655 1549 684 1605 p.
711 1533 780 1587 109.
804 1529 827 1585 F
853 1529 964 1588 113.D
986 1528 1113 1589 Aristid.
1136 1530 1195 1592 vel.
1218 1530 1259 1589 II.
1282 1551 1312 1606 p.
1336 1535 1407 1591 313.

227 1635 305 1692 ωειλ.
327 1631 453 1710 (Dind.).
498 1633 625 1692 Peuscn.
647 1633 734 1692 VIII.
759 1637 808 1690 32.

228 1734 311 1798 Quae
334 1755 512 1814 quemquem
533 1734 577 1795 ite
599 1755 629 1794 se
645 1737 766 1807 hebent,
789 1740 886 1794 temen
903 1734 980 1792 hano
993 1734 1073 1794 inter
1088 1734 1293 1811 Thucydidem
1310 1737 1407 1796 Hero·

227 1840 328 1898 dotum
350 1838 563 1914 Hippocratem
594 1837 820 1897 similitudinem
850 1856 910 1895 non
939 1835 1029 1894 nimis
1051 1857 1162 1913 premo.
1207 1836 1304 1896 Simili
1327 1839 1407 1898 enim

227 1941 384 2018 euphemie
405 1940 545 2017 Xenoph.
576 1941 767 2016 eyr.1111,
794 1944 830 1997 13
864 1940 941 2012 V4,
968 1944 1001 1998 ll
1035 1940 1111 1999 Plct.
1135 1941 1226 2016 Legg.
1250 1962 1278 2017 p.
1295 1943 1408 2000 945.0

234 2044 286 2103 elii
309 2041 444 2119 οίχεσθαι
466 2063 520 2118 pro
543 2035 748 2118 ὐποθνήσκειν
771 2042 920 2101 dixerunt.

313 2154 454 2240 Αὐχεῖν
483 2164 561 2242 quod
584 2163 616 2221 in
638 2168 791 2242 poetarum
815 2163 954 2238 operibus
978 2163 1097 2234 crebro,
1128 2164 1206 2239 apud
1228 2163 1408 2239 posteriores

228 2267 370 2326 erationis
400 2268 513 2326 solutae
544 2266 704 2344 scriptores
733 2266 782 2324 hic
809 2265 872 2324 illie
894 2257 1136 2342 deprehenditur,
1158 2268 1238 2341 opud
1260 2267 1405 2330 Herodot.

228 2376 273 2431 est
295 2373 328 2430 II
356 2375 423 2444 160,
448 2375 484 2429 2:
516 2359 657 2427 άπίκοντο
680 2361 799 2426 Ἠλείων
827 2360 942 2446 άγγελοι
972 2359 1127 2443 αὐχέοντες
1157 2361 1333 2427 δικαιότατα
1356 2366 1407 2428 καὶ

227 2467 365 2533 κάλλιστα
396 2468 513 2532 τιθέναι
543 2465 595 2531 τόν
620 2468 652 2531 έν
670 2466 826 2554 Ὀλυμπίη
849 2463 950 2550 άγῶνα
973 2463 1093 2529 πάντων
1116 2464 1299 2548 ἀνθρώπων.
1347 2473 1407 2532 VII

230 2582 359 2654 103,13,
383 2577 461 2654 apud
476 2577 567 2636 Thuc.
583 2577 616 2635 II
633 2581 681 2649 39,
699 2582 735 2634 3:
758 2567 872 2643 πάντας
895 2564 1038 2649 αὐχοῦσιν
1054 2567 1223 2633 άπεοῖσθαι.
1246 2575 1290 2632 IV
1312 2581 1359 2648 19,
1378 2583 1407 2634 3.

226 2681 355 2739 Aliunde
378 2700 416 2738 ex
433 2679 560 2739 Atthide
583 2698 686 2738 eruere
709 2699 747 2738 nc
763 2676 881 2738 Veitch.
905 2675 1025 2756 quidem
1047 2675 1163 2749 „Greek
1178 2676 1292 2736 Verbs“
1317 2679 1352 2754 (s.
1365 2681 1408 2755 v.)

249 2784 334 2843 otuit.

227 2804 305 2945 ilem
336 2885 484 2944 rarissime
514 2884 548 2943 in
569 2883 694 2943 Atthide
724 2882 913 2960 reperiuntur
945 2901 1021 2960 quse
1044 2901 1082 2940 ex
1105 2875 1206 2957 αὐχεῖν
1228 2884 1317 2942 ductu
1339 2891 1410 2945 sunt

227 2978 497 3062 nominaverimus:
519 2988 611 3048 Thuc.
628 2987 662 3044 II
681 2991 731 3059 62,
751 2991 769 3043 4
793 2985 854 3044 VII
873 2990 923 3058 66,
941 2991 968 3044 3.
994 2986 1042 3056 75,
1061 2991 1094 3057 6;
1120 2976 1241 3061 αὐχησις
1259 2987 1351 3047 Thuc.
1365 2988 1408 3047 VI

230 3095 278 3164 16,
290 3096 325 3164 53
347 3081 514 3168 δπέραυχος
529 3089 607 3148 Xen.
626 3094 714 3164 Ages.
731 3089 778 3146 XI
800 3093 846 3148 11.
870 3090 1026 3147 Praeterea
1041 3079 1159 3163 αὔχημα
1175 3087 1286 3164 legitur
1306 3089 1408 3168 (Plst.)

227 3193 355 3254 Axioch.
377 3213 406 3270 p.
424 3198 494 3252 366.
512 3197 547 3270 Δ,
571 3212 659 3272 quem
676 3196 773 3251 temen
793 3191 943 3266 dialogum
960 3192 996 3248 eb
1014 3190 1135 3250 homine
1153 3211 1212 3250 non
1228 3192 1409 3252 Atheniensi

227 3304 257 3356 et
279 3296 332 3376 qui
353 3295 445 3356 multo
468 3302 535 3371 post
555 3295 636 3355 vixit
658 3294 858 3370 conscriptum
876 3313 939 3353 esse
962 3313 1048 3352 nemo
1065 3293 1155 3352 hodie
1171 3297 1216 3353 est
1239 3295 1291 3373 qui
1308 3303 1408 3372 neget.

227 3399 262 3462 V.
285 3399 363 3459 Sittl.
386 3397 498 3471 ‚histor
522 3398 614 3458 litter.
639 3398 751 3458 Graec!
773 3399 815 3456 II.
841 3401 912 3456 298.

314 3493 366 3561 Βό
375 3517 483 3560 σκειν
505 3503 628 3560 verbum
645 3501 815 3560 Herodotus
831 3502 861 3558 et
875 3499 1064 3576 Thucydides
1085 3498 1149 3558 sine
1169 3500 1231 3559 ulle
1246 3501 1409 3577 hominum,

227 3607 264 3665 ds
288 3604 396 3683 quibus
419 3603 530 3678 dieunt,
553 3603 775 3679 contemptione
798 3605 1028 3679 usurpaverunt,
1051 3601 1102 3661 ille
1116 3604 1138 3686 ,Ι
1154 3608 1203 3676 44,
1221 3609 1256 3661 9:
1289 3600 1409 3664 οἰκίοισι

226 3698 447 3782 ὑποδεξάμενος
474 3699 528 3766 τόν
559 3705 655 3777 ξεῖνον
685 3701 781 3781 φονέα
810 3705 865 3764 τοῦ
888 3697 999 3774 παιδός
1021 3697 1167 3763 ἐλάνθανε
1189 3699 1318 3780 βόσκων.
1363 3708 1409 3769 VI

229 3817 277 3884 39,
304 3816 362 3870 15:
389 3803 559 3885 Μιλτιάδης
582 3807 652 3886 ίσχει
676 3802 730 3885 την
755 3800 944 3886 Χερσόνησον
966 3805 1181 3877 πεντακοσίους
1203 3801 1323 3884 βόσκων
1346 3807 1409 3869 ε’πι-

226 3904 366 3993 κούρους,
389 3912 438 3973 hic
460 3912 540 3973 VIII
565 3919 613 3986 48,
639 3918 673 3973 5:
703 3903 739 3969 τά
770 3931 800 3969 τε
823 3907 1021 3989 Συρακοσίων
1052 3907 1111 3987 έφη
1142 3905 1223 3986 ὅμως
1252 3907 1295 3970 έτι
1325 3905 1408 3990 ἥσσω

226 4015 285 4076 τάν
313 4013 463 4095 σφετέρων
496 4007 586 4076 εἶναι·
620 4008 748 4095 χρήμασι
778 4008 833 4094 γάρ
869 4005 979 4083 αὐτούς
1007 4011 1262 4093 ξενοτροφοῦντας
1293 4012 1345 4074 καί
1376 4013 1409 4075 έν

296 4258 322 4316 1)
340 4257 369 4303 V.
388 4257 465 4306 Stein.
492 4257 523 4304 ed
542 4256 634 4304 Herod.
652 4256 676 4302 11
695 4256 736 4304 36.
772 4255 893 4304 Valcken.
918 4258 943 4304 ct
960 4253 1111 4316 Wssssling.
1137 4253 1169 4303 sd
1195 4253 1289 4306 Herod.
1306 4255 1332 4306 ΙΙ
1350 4256 1408 4305 leo.

227 4342 348 4406 Krusger.
368 4343 398 4390 sd
418 4343 598 4398 Thue.1134·
