3192 4902
627 245 889 320 ι--37-

192 421 402 499 disseruimus,
436 428 472 484 ab
501 426 601 487 Attico
633 447 768 488 sermone
797 429 915 504 vulgari
945 430 1115 512 alienam1)
1144 433 1373 514 Thucydidique

192 549 258 587 oum
281 529 433 588 Herodoto
457 549 638 590 communem
661 551 725 590 esee
755 539 785 592 et
814 551 867 608 per
889 548 921 592 ee
943 533 1085 594 credibile
1108 541 1154 596 eet
1175 542 1207 596 et
1228 538 1373 614 exemplis

192 634 409 708 comprobatur.
439 635 486 692 Ite
509 634 543 692 fit
565 639 599 693 ut
621 629 826 713 ξυμφέρεσθαι
848 638 925 711 apud
949 655 999 695 eos
1021 638 1108 716 plane
1132 641 1235 698 eodem
1251 661 1372 700 munere

192 754 252 812 quo
282 732 434 810 συμβῆναι
461 737 610 811 fungatur,
643 737 735 812 igItur
763 739 851 797 modo
883 758 948 797 cum
978 741 1098 799 nomine
1127 742 1252 802 subiecti
1276 744 1372 803 vicem

191 837 341 898 obtinenti
372 840 459 898 modo
490 859 555 898 cum
578 839 728 900 infinitivo
752 843 915 917 copulatur.
960 841 1046 902 Illius
1068 845 1186 919 generis
1207 847 1281 906 hoec
1303 852 1374 906 eunt

192 943 347 1016 exempla:
798 935 801 967 ²

191 1044 302 1103 Herod.
325 1045 375 1102 III
400 1049 447 1117 10,
465 1052 499 1105 6:
537 1038 627 1104 ούδὲν
665 1043 696 1104 οἱ
731 1043 804 1125 μέγα
841 1041 987 1126 ἀνάρσιον
1024 1039 1146 1128 πρῆγμα
1183 1050 1371 1127 συνηνείχθη.

190 1147 235 1206 IV
261 1147 330 1220 157,
355 1139 389 1207 2:
414 1140 502 1206 ούδὲν
523 1145 579 1226 χύρ
603 1164 658 1221 σφι
679 1142 805 1227 χρηστδν
826 1147 1013 1229 συνεφέρετο.
1052 1152 1129 1211 VIII
1146 1157 1195 1227 86,
1213 1153 1252 1214 7:
1276 1151 1372 1228 ἔμελλε

189 1241 280 1308 τούτό
303 1266 358 1322 σφι
381 1248 573 1309 συνοίσεσθαι
596 1243 718 1331 οἷόνπερ
741 1244 848 1329 α’πέβη.
894 1255 986 1314 Thuc.
1010 1255 1137 1327 19,2:
1167 1251 1217 1314 καλ
1249 1249 1372 1335 ὕστερον

190 1345 325 1430 ἐκγόνοις
356 1349 398 1411 ἔτι
427 1351 512 1429 μελζοο
541 1352 763 1432 ξυνενεχθῆναι.
797 1356 858 1416 VH
889 1362 938 1429 44,
964 1361 997 1417 1:
1037 1348 1073 1416 ού
1106 1349 1215 1440 ῥᾴδιον
1244 1345 1284 1434 ἦν
1313 1380 1370 1418 πυ-

189 1451 322 1528 θέσθαι,
358 1449 418 1539 ὅτῳ
451 1451 553 1540 τρύπιμ
592 1453 700 1516 ἕκαστα
728 1454 903 1535 ξυνηνέχθη.
949 1447 1026 1519 VIII
1051 1465 1099 1535 84,
1126 1466 1161 1521 1:
1192 1453 1288 1521 ὄντων
1316 1456 1371 1520 αύ-

188 1559 248 1616 τοῑν
278 1555 310 1617 ἒν
338 1552 434 1642 τούτῳ
462 1552 651 1642 ύναλοχισμῷ
675 1556 842 1636 ξυνηνέχθη
865 1558 916 1620 ιιαλ
939 1556 1056 1622 τοιόσδε
1079 1583 1124 1632 τις
1145 1558 1282 1642 θόρυβος
1304 1562 1369 1644 περὶ

183 1653 358 1737 Ἀστύοχον,
381 1663 504 1722 alteriue
527 1664 615 1722 hacc:

189 1766 301 1824 Herod.
323 1766 339 1822 I
362 1771 408 1838 19,
426 1772 461 1826 2:
484 1763 664 1842 συνηνείχθη
686 1786 714 1824 τι
736 1759 852 1825 τοιόνδε
873 1763 1014 1846 γενέσθαι
1031 1769 1163 1847 πρῆγμα.
1194 1770 1228 1828 II
1247 1775 1318 1849 111,
1336 1777 1372 1831 3:

188 1870 413 1945 συνενειχθῆναι
441 1864 474 1926 δέ
500 1866 531 1926 οἱ
553 1861 669 1941 τυφλόν
690 1865 828 1947 γενέσθαι
850 1862 901 1928 διδ
923 1865 1040 1928 τοιόνδε
1061 1872 1194 1950 πρῆγμα.
1225 1873 1269 1934 VI
1287 1879 1325 1932 86
1342 1896 1371 1947 α,

189 1978 217 2043 4,
245 1975 292 2032 ll.
335 1972 427 2031 Thuc.
450 1973 467 2029 I
490 1977 539 2043 23,
564 1976 597 2030 l:
627 1963 794 2047 παθήματά
826 1992 855 2030 τε
877 1968 1046 2049 ξυνηνέχθη
1068 1969 1208 2052 γενέσθαι
1238 1972 1269 2034 ἐν
1291 1968 1371 2056 αύτῷ

187 2075 225 2156 τῇ
245 2065 371 2146 Ἑλλάδι,
403 2065 550 2132 οἷαζ...
591 2074 669 2135 VIII
693 2079 742 2146 83,
766 2081 802 2134 2:
833 2071 999 2151 ξυνηνέχθη
1021 2069 1077 2155 μύρ
1101 2068 1204 2147 αύτοῖς
1225 2070 1278 2137 τδν
1305 2081 1369 2136 Τισ-

187 2173 340 2254 σαφέρνην
362 2173 393 2246 ἒς
415 2170 447 2235 ιδ
471 2179 624 2252 μισεῖσθαι
645 2168 694 2235 ύπ’
721 2169 820 2235 adreio
842 2173 1062 2238 ἐπιδεδωκέναι.

190 2281 273 2338 Haec
310 2279 400 2339 verbi·
427 2275 632 2357 ξυμφέρεσθαι
669 2278 847 2354 significatio
884 2279 935 2339 diu
972 2280 1123 2342 oblivione
1155 2284 1261 2342 obruta
1292 2287 1370 2360 apud

190 2383 311 2442 LucIen.
342 2385 378 2441 de
400 2382 465 2460 Syr.
488 2384 543 2441 dee
565 2403 628 2458 cap.
652 2385 702 2442 27.
736 2382 864 2461 Appicn.
886 2383 998 2461 Syrico.
1022 2404 1084 2460 cap.
1109 2390 1158 2445 34.
1181 2386 1250 2444 bell.
1273 2386 1369 2446 cir.I

192 2491 334 2545 85.104.
374 2486 451 2545 Caso.
475 2486 512 2544 D.
535 2485 640 2546 LVIII
665 2489 752 2557 12,1
793 2486 883 2544 LXII
910 2490 975 2559 l,l
1012 2486 1138 2566 aliisque
1170 2487 1243 2548 locis
1264 2488 1368 2548 Arrio·

188 2609 258 2649 num
271 2589 300 2666 ²)
324 2588 451 2648 emersit.

187 2693 244 2751 Hie
267 2691 453 2768 perlustratis
484 2690 560 2749 illud
581 2694 697 2750 tentum
719 2694 812 2750 restet
833 2694 867 2750 ut
889 2710 1112 2750 commemorem
1136 2693 1225 2752 etium
1249 2693 1367 2770 Thucy·

187 2795 251 2854 didi
279 2792 451 2870 ξυμβαίνειν
471 2795 560 2867 longe
582 2793 758 2853 familiarius
781 2813 859 2867 cese3
896 2793 1029 2868 singulos
1058 2798 1157 2854 autem
1178 2796 1273 2870 λοοοε,
1304 2817 1369 2856 cum

187 2899 224 2957 ad
246 2899 430 2974 propositum
453 2915 550 2954 meum
572 2896 649 2954 nihil
670 2896 791 2969 faciant,
815 2916 987 2956 enumerare
1011 2897 1125 2957 omitto.

273 3010 469 3095 Ὀτρύνειν
490 3017 615 3075 verbum
648 3022 679 3076 ct
706 3036 782 3095 quoe
805 3018 840 3076 ab
864 3037 898 3076 eo
922 3019 1012 3076 ducta
1034 3023 1104 3076 eunt
1123 3013 1292 3100 ’ἐξοτρύνειν
1315 3042 1371 3079 πα-

188 3115 341 3202 ροτρύνειν
372 3113 594 3199 συνεξοτρύνειν
624 3113 828 3198 συνοτρύνειν,
860 3121 972 3201 quippe
1001 3140 1069 3180 oum
1091 3122 1188 3197 poetis
1218 3124 1371 3183 Herodoto

190 3223 369 3301 Hippocrati
399 3222 558 3282 familiaria
589 3228 666 3294 eunt,
700 3229 831 3282 ceterum
861 3243 922 3282 non
952 3221 1070 3282 obviem
1101 3225 1176 3284 fient
1203 3225 1263 3284 nisi
1292 3229 1371 3303 apud

192 3327 284 3387 Thuc.
306 3328 322 3386 I
347 3331 395 3400 84,
419 3332 447 3385 2.
472 3332 522 3400 90,
548 3329 582 3384 1:
615 3319 781 3404 ἐξοτρύνειν
824 3326 869 3387 VI
893 3332 942 3400 69,
972 3332 1006 3385 2:
1038 3324 1212 3406 σαλπιγκταὶ
1243 3322 1371 3399 ξύνοδον

192 3421 365 3509 ἒπύτρυνον
380 3432 443 3499 τοῖς
459 3419 642 3506 ύπλίταιςῧ).
677 3429 738 3488 VII
756 3434 805 3502 25,
823 3431 857 3489 1:
880 3419 1061 3508 ἐποτρύνειν,
1077 3429 1201 3491 Aristot.
1219 3429 1301 3491 399¹)
1319 3438 1370 3495 11:

264 3667 288 3736 1)
307 3671 394 3730 Neque
412 3669 477 3716 enim
495 3673 560 3715 recte
579 3668 659 3714 locum
678 3668 788 3715 Plutonis
804 3668 830 3714 in
842 3667 937 3715 Politic.
956 3683 979 3728 p.
1000 3669 1058 3717 2⁷0.
1076 3667 1110 3716 0:
1135 3665 1279 3736 μεταβολὰς
1297 3665 1372 3734 μεγά-

190 3759 236 3814 λας
254 3755 298 3806 καὶ
316 3751 409 3812 πολλὰς
434 3752 479 3804 καλ
496 3751 615 3810 παντοίας
640 3753 833 3819 συμφερομένας
855 3741 896 3818 ἆρ’
914 3745 962 3804 ούιι
980 3752 1053 3817 λομεν
1071 3749 1118 3818 τήν
1135 3752 1186 3804 τῶν
1205 3750 1277 3815 ξύων
1295 3748 1371 3822 φύσιν

188 3832 228 3892 ὅτι
245 3839 364 3908 χαλεπῶς
382 3834 500 3906 ἀνέχεται
525 3841 573 3887 huc
597 3842 701 3887 relatum
727 3855 781 3888 eesc
805 3841 841 3900 (in
867 3841 949 3900 Steph.
969 3840 1043 3902 thes.)
1069 3841 1112 3888 sed
1136 3841 1172 3888 ibi
1194 3838 1372 3905 συμφέρεσθαι

186 3929 270 3976 velere
290 3927 371 3987 ‚stmul
389 3927 456 3985 ferri,
475 3927 579 3985 moveri,
597 3929 753 3973 concurrere‘
771 3941 867 3975 censeo.
906 3927 1034 3988 Aristoph.
1053 3940 1113 3974 vero
1124 3926 1189 3973 Nub.
1204 3929 1254 3975 594
1272 3927 1298 3972 Μ
1316 3942 1371 3975 cum

186 4013 315 4061 Herodoto
333 4017 358 4060 ct
376 4013 522 4074 Thucydide
540 4011 672 4060 consentit.

257 4096 284 4160 2)
302 4098 335 4144 V.
354 4098 516 4146 Grundmenn
534 4113 559 4158 p.
578 4099 617 4144 74.

256 4183 283 4250 3)
301 4183 371 4243 Quae
389 4185 466 4232 verbe
484 4198 539 4233 cum
557 4186 660 4231 valeant
678 4184 717 4244 ,cd
735 4199 881 4232 concursum
898 4184 995 4246 pedites
1007 4183 1134 4244 instigere‘
1152 4184 1266 4244 Krueger
1283 4184 1309 4231 in
1328 4185 1371 4232 dc-

186 4272 239 4318 tivo
257 4265 371 4327 ὁπλίταις
392 4254 497 4318 'oneum
522 4275 546 4319 α
563 4271 616 4318 iure
633 4272 735 4330 negavit
752 4285 809 4318 eum
826 4271 925 4319 derenci
943 4272 1016 4318 nom.
1035 4285 1052 4336 χ
1071 4271 1137 4317 152:
1164 4266 1223 4320 νῶιν
1241 4263 1371 4332 ἐποτρύνει

186 4351 295 4424 πόλεμον
313 4350 400 4412 κακόν.
436 4355 474 4411 Ibi
493 4357 557 4412 cutm
575 4353 633 4414 νῶιν
652 4371 665 4404 e
683 4350 793 4428 πόλεμον
811 4352 891 4408 κακόν
909 4357 1007 4424 pendet.
1039 4355 1088 4403 Sed
1106 4360 1173 4403 recte
1190 4362 1370 4430 componuntur
