<?xml version="1.0" encoding="UTF-8"?>
<!DOCTYPE html PUBLIC "-//W3C//DTD XHTML 1.0 Transitional//EN"
    "http://www.w3.org/TR/xhtml1/DTD/xhtml1-transitional.dtd">
<html xmlns="http://www.w3.org/1999/xhtml" xml:lang="en" lang="en">
 <head>
  <title>
</title>
<meta http-equiv="Content-Type" content="text/html;charset=utf-8" />
  <meta name='ocr-system' content='tesseract 3.04.00' />
  <meta name='ocr-capabilities' content='ocr_page ocr_carea ocr_par ocr_line ocrx_word'/>
</head>
<body>
  <div class='ocr_page' id='page_1' title='image "./desermonethucyd00diengoog_0073.png"; bbox 0 0 3192 4902; ppageno 0'>
   <div class='ocr_carea' id='block_1_1' title="bbox 242 422 1489 618">
    <p class='ocr_par' dir='ltr' id='par_1_1' title="bbox 242 422 1489 618">
     <span class='ocr_line' id='line_1_1' title="bbox 242 422 1489 514; baseline 0.005 -22"><span class='ocrx_word' id='word_1_1' title='bbox 242 422 384 493; x_wconf 92' lang='lat' dir='ltr'>hocloco</span> <span class='ocrx_word' id='word_1_2' title='bbox 407 427 596 495; x_wconf 89' lang='lat' dir='ltr'>Herodoteus</span> <span class='ocrx_word' id='word_1_3' title='bbox 619 439 687 512; x_wconf 87' lang='lat' dir='ltr'>apte</span> <span class='ocrx_word' id='word_1_4' title='bbox 711 455 775 495; x_wconf 84' lang='lat' dir='ltr'>mea</span> <span class='ocrx_word' id='word_1_5' title='bbox 798 436 938 512; x_wconf 90' lang='lat' dir='ltr'>opinione</span> <span class='ocrx_word' id='word_1_6' title='bbox 955 435 1191 514; x_wconf 82' lang='lat' dir='ltr'>componitur1),</span> <span class='ocrx_word' id='word_1_7' title='bbox 1214 430 1258 498; x_wconf 83' lang='lat' dir='ltr'>Vl</span> <span class='ocrx_word' id='word_1_8' title='bbox 1277 441 1346 511; x_wconf 85' lang='grc'>188,</span> <span class='ocrx_word' id='word_1_9' title='bbox 1363 438 1421 498; x_wconf 80' lang='lat'>26:</span> <span class='ocrx_word' id='word_1_10' title='bbox 1485 471 1489 477; x_wconf 96' lang='lat'>·</span> 
     </span>
     <span class='ocr_line' id='line_1_2' title="bbox 243 528 1425 618; baseline 0.003 -25"><span class='ocrx_word' id='word_1_11' title='bbox 243 528 303 594; x_wconf 79' lang='grc' dir='ltr'><strong><em>α’ττὸ</em></strong></span> <span class='ocrx_word' id='word_1_12' title='bbox 327 529 434 595; x_wconf 80' lang='grc' dir='ltr'><strong><em>τούτου</em></strong></span> <span class='ocrx_word' id='word_1_13' title='bbox 466 538 522 596; x_wconf 82' lang='grc' dir='ltr'>τοῦ</span> <span class='ocrx_word' id='word_1_14' title='bbox 547 533 638 616; x_wconf 69' lang='grc' dir='ltr'><strong><em>ἔργον</em></strong></span> <span class='ocrx_word' id='word_1_15' title='bbox 668 533 716 596; x_wconf 74' lang='grc' dir='ltr'>καὶ</span> <span class='ocrx_word' id='word_1_16' title='bbox 748 539 802 596; x_wconf 84' lang='grc' dir='ltr'>τοῦ</span> <span class='ocrx_word' id='word_1_17' title='bbox 830 533 977 616; x_wconf 77' lang='grc' dir='ltr'><strong><em>προτέρου</em></strong></span> <span class='ocrx_word' id='word_1_18' title='bbox 1000 531 1124 610; x_wconf 83' lang='grc' dir='ltr'><strong><em>τούτων,</em></strong></span> <span class='ocrx_word' id='word_1_19' title='bbox 1148 531 1181 597; x_wconf 75' lang='grc' dir='ltr'>τό</span> <span class='ocrx_word' id='word_1_20' title='bbox 1205 535 1368 618; x_wconf 75' lang='grc' dir='ltr'><em>ἐργάσαντο</em></span> <span class='ocrx_word' id='word_1_21' title='bbox 1392 537 1425 597; x_wconf 80' lang='grc' dir='ltr'>αἱ</span> 
     </span>
    </p>
   </div>
   <div class='ocr_carea' id='block_1_2' title="bbox 241 628 1426 3077">
    <p class='ocr_par' dir='ltr' id='par_1_2' title="bbox 241 628 1426 3077">
     <span class='ocr_line' id='line_1_3' title="bbox 242 628 1424 719; baseline 0.003 -23"><span class='ocrx_word' id='word_1_22' title='bbox 242 641 380 716; x_wconf 77' lang='grc' dir='ltr'><strong><em>γυναῖκες</em></strong></span> <span class='ocrx_word' id='word_1_23' title='bbox 403 632 473 708; x_wconf 79' lang='grc' dir='ltr'>τούς</span> <span class='ocrx_word' id='word_1_24' title='bbox 496 628 558 714; x_wconf 70' lang='grc' dir='ltr'>ἅμα</span> <span class='ocrx_word' id='word_1_25' title='bbox 576 631 688 698; x_wconf 80' lang='grc' dir='ltr'><em>Θόαντι</em></span> <span class='ocrx_word' id='word_1_26' title='bbox 710 632 822 719; x_wconf 69' lang='grc' dir='ltr'><strong><em>ἄνδρας</em></strong></span> <span class='ocrx_word' id='word_1_27' title='bbox 842 636 1003 718; x_wconf 79' lang='grc' dir='ltr'><strong><em>σφετέρους</em></strong></span> <span class='ocrx_word' id='word_1_28' title='bbox 1018 633 1238 715; x_wconf 72' lang='grc' dir='ltr'><strong><em>ἀποκτείνασαι,</em></strong></span> <span class='ocrx_word' id='word_1_29' title='bbox 1254 636 1424 719; x_wconf 83' lang='grc' dir='ltr'><strong><em>νενόμισται</em></strong></span> 
     </span>
     <span class='ocr_line' id='line_1_4' title="bbox 243 732 1422 821; baseline 0.007 -25"><span class='ocrx_word' id='word_1_30' title='bbox 243 733 301 798; x_wconf 83' lang='lat' dir='ltr'>o’evol</span> <span class='ocrx_word' id='word_1_31' title='bbox 330 733 384 815; x_wconf 71' lang='grc' dir='ltr'>τὴν</span> <span class='ocrx_word' id='word_1_32' title='bbox 404 732 529 800; x_wconf 67' lang='grc' dir='ltr'><strong><em>Ἐλλάδα</em></strong></span> <span class='ocrx_word' id='word_1_33' title='bbox 557 734 593 799; x_wconf 83' lang='lat' dir='ltr'>rol</span> <span class='ocrx_word' id='word_1_34' title='bbox 617 738 729 817; x_wconf 78' lang='grc' dir='ltr'><strong><em>σχέτλια</em></strong></span> <span class='ocrx_word' id='word_1_35' title='bbox 752 738 823 821; x_wconf 68' lang='grc' dir='ltr'><strong><em>ἔργα</em></strong></span> <span class='ocrx_word' id='word_1_36' title='bbox 846 735 944 800; x_wconf 73' lang='grc' dir='ltr'><strong><em>πάντα</em></strong></span> <span class='ocrx_word' id='word_1_37' title='bbox 966 736 1090 818; x_wconf 78' lang='grc' dir='ltr'><strong><em>Λήμνια</em></strong></span> <span class='ocrx_word' id='word_1_38' title='bbox 1113 739 1279 815; x_wconf 73' lang='grc' dir='ltr'><em>καλέεσθαι,</em></span> <span class='ocrx_word' id='word_1_39' title='bbox 1304 746 1355 804; x_wconf 92' lang='lat' dir='ltr'>ubi</span> <span class='ocrx_word' id='word_1_40' title='bbox 1377 751 1422 804; x_wconf 88' lang='lat' dir='ltr'>ta-</span> 
     </span>
     <span class='ocr_line' id='line_1_5' title="bbox 242 836 1422 924; baseline 0.004 -24"><span class='ocrx_word' id='word_1_41' title='bbox 242 862 309 900; x_wconf 91' lang='lat' dir='ltr'>men</span> <span class='ocrx_word' id='word_1_42' title='bbox 332 844 364 901; x_wconf 95' lang='lat' dir='ltr'>in</span> <span class='ocrx_word' id='word_1_43' title='bbox 387 836 448 918; x_wconf 73' lang='grc' dir='ltr'>ἅμα</span> <span class='ocrx_word' id='word_1_44' title='bbox 470 845 569 903; x_wconf 89' lang='lat' dir='ltr'>minus</span> <span class='ocrx_word' id='word_1_45' title='bbox 592 845 784 918; x_wconf 86' lang='lat' dir='ltr'>offendimus,</span> <span class='ocrx_word' id='word_1_46' title='bbox 815 843 885 924; x_wconf 88' lang='lat' dir='ltr'>quia</span> <span class='ocrx_word' id='word_1_47' title='bbox 916 846 993 920; x_wconf 90' lang='lat' dir='ltr'>apud</span> <span class='ocrx_word' id='word_1_48' title='bbox 1016 845 1202 905; x_wconf 91' lang='lat' dir='ltr'>Herodotum</span> <span class='ocrx_word' id='word_1_49' title='bbox 1231 847 1263 904; x_wconf 92' lang='lat' dir='ltr'>in</span> <span class='ocrx_word' id='word_1_50' title='bbox 1287 867 1321 906; x_wconf 89' lang='lat' dir='ltr'>eo</span> <span class='ocrx_word' id='word_1_51' title='bbox 1344 848 1422 906; x_wconf 88' lang='lat' dir='ltr'>haud</span> 
     </span>
     <span class='ocr_line' id='line_1_6' title="bbox 241 946 1422 1027; baseline 0.004 -24"><span class='ocrx_word' id='word_1_52' title='bbox 241 965 308 1004; x_wconf 91' lang='lat' dir='ltr'>raro</span> <span class='ocrx_word' id='word_1_53' title='bbox 330 947 412 1006; x_wconf 93' lang='lat' dir='ltr'>notio</span> <span class='ocrx_word' id='word_1_54' title='bbox 437 946 597 1006; x_wconf 89' lang='lat' dir='ltr'>comitandi</span> <span class='ocrx_word' id='word_1_55' title='bbox 620 947 690 1006; x_wconf 83' lang='lat' dir='ltr'>sive</span> <span class='ocrx_word' id='word_1_56' title='bbox 706 948 785 1023; x_wconf 89' lang='lat' dir='ltr'>apud</span> <span class='ocrx_word' id='word_1_57' title='bbox 808 947 936 1026; x_wconf 83' lang='lat' dir='ltr'>aliquem</span> <span class='ocrx_word' id='word_1_58' title='bbox 959 949 1098 1007; x_wconf 86' lang='lat' dir='ltr'>versandi</span> <span class='ocrx_word' id='word_1_59' title='bbox 1122 947 1273 1027; x_wconf 75' lang='lat' dir='ltr'>subest2).</span> <span class='ocrx_word' id='word_1_60' title='bbox 1296 982 1338 992; x_wconf 91' lang='lat'>-—</span> <span class='ocrx_word' id='word_1_61' title='bbox 1365 951 1422 1008; x_wconf 84' lang='lat' dir='ltr'>Sed</span> 
     </span>
     <span class='ocr_line' id='line_1_7' title="bbox 242 1049 1422 1127; baseline 0.004 -21"><span class='ocrx_word' id='word_1_62' title='bbox 242 1049 423 1108; x_wconf 83' lang='lat' dir='ltr'><strong>multimodis</strong></span> <span class='ocrx_word' id='word_1_63' title='bbox 452 1050 502 1109; x_wconf 93' lang='lat' dir='ltr'>hic</span> <span class='ocrx_word' id='word_1_64' title='bbox 533 1050 615 1110; x_wconf 91' lang='lat' dir='ltr'>locus</span> <span class='ocrx_word' id='word_1_65' title='bbox 646 1050 757 1110; x_wconf 81' lang='lat' dir='ltr'>aviris</span> <span class='ocrx_word' id='word_1_66' title='bbox 789 1049 883 1109; x_wconf 89' lang='lat' dir='ltr'>doctis</span> <span class='ocrx_word' id='word_1_67' title='bbox 913 1055 1095 1110; x_wconf 84' lang='lat' dir='ltr'>attentatus</span> <span class='ocrx_word' id='word_1_68' title='bbox 1118 1057 1149 1110; x_wconf 93' lang='lat' dir='ltr'>et</span> <span class='ocrx_word' id='word_1_69' title='bbox 1170 1052 1347 1127; x_wconf 89' lang='lat' dir='ltr'>explanatus</span> <span class='ocrx_word' id='word_1_70' title='bbox 1369 1057 1422 1112; x_wconf 87' lang='lat' dir='ltr'>est.</span> 
     </span>
     <span class='ocr_line' id='line_1_8' title="bbox 242 1152 1422 1232; baseline 0.003 -24"><span class='ocrx_word' id='word_1_71' title='bbox 242 1153 316 1209; x_wconf 89' lang='lat' dir='ltr'>Nam</span> <span class='ocrx_word' id='word_1_72' title='bbox 347 1171 413 1210; x_wconf 92' lang='lat' dir='ltr'>cum</span> <span class='ocrx_word' id='word_1_73' title='bbox 438 1152 656 1228; x_wconf 83' lang='lat' dir='ltr'>Apollod.19,</span> <span class='ocrx_word' id='word_1_74' title='bbox 680 1153 716 1211; x_wconf 90' lang='grc'>17</span> <span class='ocrx_word' id='word_1_75' title='bbox 751 1158 781 1211; x_wconf 90' lang='lat' dir='ltr'>et</span> <span class='ocrx_word' id='word_1_76' title='bbox 803 1157 907 1227; x_wconf 85' lang='lat' dir='ltr'>poetae</span> <span class='ocrx_word' id='word_1_77' title='bbox 930 1153 1049 1212; x_wconf 89' lang='lat' dir='ltr'>tradant</span> <span class='ocrx_word' id='word_1_78' title='bbox 1072 1153 1272 1232; x_wconf 86' lang='lat' dir='ltr'>Hypsipylem</span> <span class='ocrx_word' id='word_1_79' title='bbox 1296 1155 1422 1215; x_wconf 77' lang='lat' dir='ltr'><strong>Thoanti</strong></span> 
     </span>
     <span class='ocr_line' id='line_1_9' title="bbox 242 1246 1423 1333; baseline 0.003 -21"><span class='ocrx_word' id='word_1_80' title='bbox 242 1246 418 1330; x_wconf 84' lang='lat' dir='ltr'>pepercisse,</span> <span class='ocrx_word' id='word_1_81' title='bbox 440 1256 581 1314; x_wconf 90' lang='lat' dir='ltr'>Barthius</span> <span class='ocrx_word' id='word_1_82' title='bbox 612 1253 659 1331; x_wconf 87' lang='lat' dir='ltr'>(ad</span> <span class='ocrx_word' id='word_1_83' title='bbox 682 1256 754 1315; x_wconf 83' lang='lat' dir='ltr'>Stat.</span> <span class='ocrx_word' id='word_1_84' title='bbox 778 1254 870 1313; x_wconf 86' lang='lat' dir='ltr'>Theb.</span> <span class='ocrx_word' id='word_1_85' title='bbox 886 1256 913 1316; x_wconf 85' lang='lat' dir='ltr'><strong>V</strong></span> <span class='ocrx_word' id='word_1_86' title='bbox 931 1255 1005 1332; x_wconf 82' lang='lat'>328)</span> <span class='ocrx_word' id='word_1_87' title='bbox 1036 1247 1118 1330; x_wconf 74' lang='lat' dir='ltr'>„tipo</span> <span class='ocrx_word' id='word_1_88' title='bbox 1142 1248 1252 1314; x_wconf 85' lang='grc' dir='ltr'><strong><em>Θόαντι</em></strong></span> <span class='ocrx_word' id='word_1_89' title='bbox 1277 1257 1423 1333; x_wconf 80' lang='lat' dir='ltr'>glossema</span> 
     </span>
     <span class='ocr_line' id='line_1_10' title="bbox 242 1351 1423 1436; baseline 0.004 -23"><span class='ocrx_word' id='word_1_90' title='bbox 242 1375 306 1414; x_wconf 88' lang='lat' dir='ltr'>esse</span> <span class='ocrx_word' id='word_1_91' title='bbox 328 1362 380 1415; x_wconf 91' lang='lat' dir='ltr'>aut</span> <span class='ocrx_word' id='word_1_92' title='bbox 401 1362 570 1432; x_wconf 81' lang='lat' dir='ltr'>corruptam</span> <span class='ocrx_word' id='word_1_93' title='bbox 594 1375 657 1416; x_wconf 90' lang='lat' dir='ltr'>esse</span> <span class='ocrx_word' id='word_1_94' title='bbox 680 1357 809 1432; x_wconf 85' lang='lat' dir='ltr'>priorem</span> <span class='ocrx_word' id='word_1_95' title='bbox 825 1377 927 1417; x_wconf 79' lang='lat' dir='ltr'>rocem</span> <span class='ocrx_word' id='word_1_96' title='bbox 948 1362 978 1416; x_wconf 91' lang='lat' dir='ltr'>et</span> <span class='ocrx_word' id='word_1_97' title='bbox 996 1358 1153 1432; x_wconf 82' lang='lat' dir='ltr'>legendum</span> <span class='ocrx_word' id='word_1_98' title='bbox 1169 1351 1250 1436; x_wconf 74' lang='grc' dir='ltr'><strong><em>παρα</em></strong></span> <span class='ocrx_word' id='word_1_99' title='bbox 1269 1353 1423 1429; x_wconf 84' lang='grc' dir='ltr'><strong><em>Θόαντος“</em></strong></span> 
     </span>
     <span class='ocr_line' id='line_1_11' title="bbox 242 1458 1423 1538; baseline 0.003 -22"><span class='ocrx_word' id='word_1_100' title='bbox 242 1459 383 1518; x_wconf 86' lang='lat' dir='ltr'>decernit.</span> <span class='ocrx_word' id='word_1_101' title='bbox 407 1462 448 1518; x_wconf 80' lang='lat' dir='ltr'>At</span> <span class='ocrx_word' id='word_1_102' title='bbox 464 1460 539 1517; x_wconf 92' lang='lat' dir='ltr'>bene</span> <span class='ocrx_word' id='word_1_103' title='bbox 555 1458 673 1517; x_wconf 84' lang='lat' dir='ltr'>delendi</span> <span class='ocrx_word' id='word_1_104' title='bbox 692 1459 836 1518; x_wconf 89' lang='lat' dir='ltr'>librorum</span> <span class='ocrx_word' id='word_1_105' title='bbox 852 1461 1022 1517; x_wconf 85' lang='lat' dir='ltr'><strong>memoriam</strong></span> <span class='ocrx_word' id='word_1_106' title='bbox 1045 1460 1157 1519; x_wconf 90' lang='lat' dir='ltr'>scholio</span> <span class='ocrx_word' id='word_1_107' title='bbox 1175 1463 1211 1519; x_wconf 91' lang='lat' dir='ltr'>ad</span> <span class='ocrx_word' id='word_1_108' title='bbox 1227 1462 1329 1538; x_wconf 88' lang='lat' dir='ltr'>Enrip.</span> <span class='ocrx_word' id='word_1_109' title='bbox 1350 1463 1423 1522; x_wconf 88' lang='lat' dir='ltr'>Hoc.</span> 
     </span>
     <span class='ocr_line' id='line_1_12' title="bbox 246 1561 1424 1641; baseline 0.005 -23"><span class='ocrx_word' id='word_1_110' title='bbox 246 1561 304 1619; x_wconf 84' lang='grc'>887</span> <span class='ocrx_word' id='word_1_111' title='bbox 330 1562 385 1637; x_wconf 91' lang='lat'>(=</span> <span class='ocrx_word' id='word_1_112' title='bbox 403 1561 462 1622; x_wconf 86' lang='lat' dir='ltr'>vol.</span> <span class='ocrx_word' id='word_1_113' title='bbox 478 1563 504 1621; x_wconf 91' lang='grc' dir='ltr'>Ι.</span> <span class='ocrx_word' id='word_1_114' title='bbox 527 1582 556 1638; x_wconf 90' lang='lat' dir='ltr'>p.</span> <span class='ocrx_word' id='word_1_115' title='bbox 573 1567 645 1620; x_wconf 83' lang='lat'>438.</span> <span class='ocrx_word' id='word_1_116' title='bbox 661 1561 773 1639; x_wconf 70' lang='lat' dir='ltr'>Dina),</span> <span class='ocrx_word' id='word_1_117' title='bbox 803 1562 914 1641; x_wconf 83' lang='lat' dir='ltr'><strong>quippe</strong></span> <span class='ocrx_word' id='word_1_118' title='bbox 938 1563 1016 1640; x_wconf 89' lang='lat' dir='ltr'>quod</span> <span class='ocrx_word' id='word_1_119' title='bbox 1041 1581 1079 1620; x_wconf 86' lang='lat' dir='ltr'>cx</span> <span class='ocrx_word' id='word_1_120' title='bbox 1101 1563 1166 1638; x_wconf 91' lang='lat' dir='ltr'>ipso</span> <span class='ocrx_word' id='word_1_121' title='bbox 1189 1565 1342 1624; x_wconf 82' lang='lat' dir='ltr'>Herodoto</span> <span class='ocrx_word' id='word_1_122' title='bbox 1366 1565 1424 1624; x_wconf 88' lang='lat' dir='ltr'>fiu-</span> 
     </span>
     <span class='ocr_line' id='line_1_13' title="bbox 242 1663 1423 1742; baseline 0.003 -21"><span class='ocrx_word' id='word_1_123' title='bbox 242 1665 330 1736; x_wconf 84' lang='lat' dir='ltr'>xerit,</span> <span class='ocrx_word' id='word_1_124' title='bbox 353 1664 615 1739; x_wconf 82' lang='lat' dir='ltr'>Schweighaeuser</span> <span class='ocrx_word' id='word_1_125' title='bbox 630 1664 679 1741; x_wconf 89' lang='lat' dir='ltr'>(ad</span> <span class='ocrx_word' id='word_1_126' title='bbox 696 1665 806 1722; x_wconf 85' lang='lat' dir='ltr'>Herod.</span> <span class='ocrx_word' id='word_1_127' title='bbox 826 1665 847 1722; x_wconf 95' lang='lat' dir='ltr'>l.</span> <span class='ocrx_word' id='word_1_128' title='bbox 864 1663 898 1741; x_wconf 82' lang='lat' dir='ltr'>l.)</span> <span class='ocrx_word' id='word_1_129' title='bbox 920 1664 984 1722; x_wconf 94' lang='lat' dir='ltr'>iure</span> <span class='ocrx_word' id='word_1_130' title='bbox 1003 1670 1112 1724; x_wconf 89' lang='lat' dir='ltr'>monet.</span> <span class='ocrx_word' id='word_1_131' title='bbox 1144 1665 1201 1724; x_wconf 81' lang='lat' dir='ltr'>Sed</span> <span class='ocrx_word' id='word_1_132' title='bbox 1216 1686 1255 1724; x_wconf 91' lang='lat' dir='ltr'>ne</span> <span class='ocrx_word' id='word_1_133' title='bbox 1271 1667 1423 1742; x_wconf 82' lang='lat' dir='ltr'>Schweig-</span> 
     </span>
     <span class='ocr_line' id='line_1_14' title="bbox 242 1762 1424 1846; baseline 0.003 -22"><span class='ocrx_word' id='word_1_134' title='bbox 242 1767 379 1826; x_wconf 87' lang='lat' dir='ltr'>haeuseri</span> <span class='ocrx_word' id='word_1_135' title='bbox 410 1768 528 1846; x_wconf 89' lang='lat' dir='ltr'>quidem</span> <span class='ocrx_word' id='word_1_136' title='bbox 557 1767 835 1843; x_wconf 83' lang='lat' dir='ltr'>interpretationem</span> <span class='ocrx_word' id='word_1_137' title='bbox 865 1768 959 1843; x_wconf 91' lang='lat' dir='ltr'>probo</span> <span class='ocrx_word' id='word_1_138' title='bbox 988 1768 1136 1827; x_wconf 83' lang='lat' dir='ltr'>censentis</span> <span class='ocrx_word' id='word_1_139' title='bbox 1165 1762 1255 1841; x_wconf 67' lang='lat' dir='ltr'>„roric</span> <span class='ocrx_word' id='word_1_140' title='bbox 1278 1763 1339 1844; x_wconf 69' lang='grc' dir='ltr'>ἅμα</span> <span class='ocrx_word' id='word_1_141' title='bbox 1365 1763 1424 1828; x_wconf 83' lang='grc' dir='ltr'>Θό-</span> 
     </span>
     <span class='ocr_line' id='line_1_15' title="bbox 243 1869 1424 1948; baseline 0.003 -20"><span class='ocrx_word' id='word_1_142' title='bbox 243 1890 307 1928; x_wconf 84' lang='grc' dir='ltr'><strong><em>αντι</em></strong></span> <span class='ocrx_word' id='word_1_143' title='bbox 330 1889 393 1929; x_wconf 86' lang='lat' dir='ltr'>esse</span> <span class='ocrx_word' id='word_1_144' title='bbox 415 1870 511 1944; x_wconf 83' lang='lat' dir='ltr'>viros,</span> <span class='ocrx_word' id='word_1_145' title='bbox 545 1869 596 1948; x_wconf 86' lang='lat' dir='ltr'>qui</span> <span class='ocrx_word' id='word_1_146' title='bbox 631 1891 696 1929; x_wconf 92' lang='lat' dir='ltr'>cum</span> <span class='ocrx_word' id='word_1_147' title='bbox 719 1869 870 1943; x_wconf 82' lang='lat' dir='ltr'>Thoante,</span> <span class='ocrx_word' id='word_1_148' title='bbox 899 1871 918 1929; x_wconf 91' lang='lat' dir='ltr'>i.</span> <span class='ocrx_word' id='word_1_149' title='bbox 943 1888 968 1928; x_wconf 88' lang='lat' dir='ltr'>c.</span> <span class='ocrx_word' id='word_1_150' title='bbox 991 1869 1134 1929; x_wconf 79' lang='lat' dir='ltr'>Thoantis</span> <span class='ocrx_word' id='word_1_151' title='bbox 1156 1877 1252 1932; x_wconf 90' lang='lat' dir='ltr'>aetate</span> <span class='ocrx_word' id='word_1_152' title='bbox 1274 1872 1408 1932; x_wconf 82' lang='lat' dir='ltr'>vixerint</span> <span class='ocrx_word' id='word_1_153' title='bbox 1416 1894 1424 1944; x_wconf 91' lang='lat'>;</span> 
     </span>
     <span class='ocr_line' id='line_1_16' title="bbox 243 1963 1424 2050; baseline 0.003 -21"><span class='ocrx_word' id='word_1_154' title='bbox 243 1992 301 2050; x_wconf 91' lang='lat' dir='ltr'>quo</span> <span class='ocrx_word' id='word_1_155' title='bbox 332 1972 455 2031; x_wconf 88' lang='lat' dir='ltr'>indicari</span> <span class='ocrx_word' id='word_1_156' title='bbox 484 1977 617 2048; x_wconf 88' lang='lat' dir='ltr'>tempus,</span> <span class='ocrx_word' id='word_1_157' title='bbox 649 1991 708 2050; x_wconf 86' lang='lat' dir='ltr'>quo</span> <span class='ocrx_word' id='word_1_158' title='bbox 732 1990 767 2030; x_wconf 89' lang='lat' dir='ltr'>ea</span> <span class='ocrx_word' id='word_1_159' title='bbox 788 1993 835 2031; x_wconf 89' lang='lat' dir='ltr'>res</span> <span class='ocrx_word' id='word_1_160' title='bbox 858 1978 940 2048; x_wconf 85' lang='lat' dir='ltr'>gesta</span> <span class='ocrx_word' id='word_1_161' title='bbox 963 1972 1016 2044; x_wconf 88' lang='lat' dir='ltr'>sit;</span> <span class='ocrx_word' id='word_1_162' title='bbox 1051 1993 1110 2030; x_wconf 92' lang='lat' dir='ltr'>non</span> <span class='ocrx_word' id='word_1_163' title='bbox 1135 1975 1236 2048; x_wconf 86' lang='lat' dir='ltr'>negari</span> <span class='ocrx_word' id='word_1_164' title='bbox 1259 1963 1347 2035; x_wconf 84' lang='lat' dir='ltr'>caede</span> <span class='ocrx_word' id='word_1_165' title='bbox 1370 1996 1424 2034; x_wconf 87' lang='lat' dir='ltr'>cx-</span> 
     </span>
     <span class='ocr_line' id='line_1_17' title="bbox 242 2075 1426 2155; baseline 0.004 -23"><span class='ocrx_word' id='word_1_166' title='bbox 242 2080 352 2134; x_wconf 90' lang='lat' dir='ltr'>emtum</span> <span class='ocrx_word' id='word_1_167' title='bbox 383 2094 438 2151; x_wconf 94' lang='lat' dir='ltr'>per</span> <span class='ocrx_word' id='word_1_168' title='bbox 466 2075 545 2133; x_wconf 86' lang='lat' dir='ltr'>filiae</span> <span class='ocrx_word' id='word_1_169' title='bbox 576 2075 717 2150; x_wconf 88' lang='lat' dir='ltr'>pietatem</span> <span class='ocrx_word' id='word_1_170' title='bbox 749 2075 840 2134; x_wconf 81' lang='lat' dir='ltr'>fuisse</span> <span class='ocrx_word' id='word_1_171' title='bbox 872 2075 1064 2136; x_wconf 87' lang='lat' dir='ltr'>Thoantem“.</span> <span class='ocrx_word' id='word_1_172' title='bbox 1109 2078 1215 2155; x_wconf 89' lang='lat' dir='ltr'>Neque</span> <span class='ocrx_word' id='word_1_173' title='bbox 1242 2077 1321 2135; x_wconf 91' lang='lat' dir='ltr'>enim</span> <span class='ocrx_word' id='word_1_174' title='bbox 1352 2079 1426 2138; x_wconf 89' lang='lat' dir='ltr'>haec</span> 
     </span>
     <span class='ocr_line' id='line_1_18' title="bbox 244 2177 1424 2252; baseline 0.003 -16"><span class='ocrx_word' id='word_1_175' title='bbox 244 2178 392 2237; x_wconf 86' lang='lat' dir='ltr'>sententia</span> <span class='ocrx_word' id='word_1_176' title='bbox 413 2177 445 2236; x_wconf 94' lang='lat' dir='ltr'>in</span> <span class='ocrx_word' id='word_1_177' title='bbox 468 2177 568 2236; x_wconf 88' lang='lat' dir='ltr'>verbis</span> <span class='ocrx_word' id='word_1_178' title='bbox 590 2177 707 2236; x_wconf 89' lang='lat' dir='ltr'>traditis</span> <span class='ocrx_word' id='word_1_179' title='bbox 733 2177 903 2237; x_wconf 89' lang='lat' dir='ltr'>continetur</span> <span class='ocrx_word' id='word_1_180' title='bbox 925 2183 955 2236; x_wconf 93' lang='lat' dir='ltr'>et</span> <span class='ocrx_word' id='word_1_181' title='bbox 976 2196 1116 2252; x_wconf 84' lang='lat' dir='ltr'>perversa</span> <span class='ocrx_word' id='word_1_182' title='bbox 1138 2184 1192 2237; x_wconf 89' lang='lat' dir='ltr'>cst.</span> <span class='ocrx_word' id='word_1_183' title='bbox 1238 2180 1330 2239; x_wconf 87' lang='lat' dir='ltr'>Recte</span> <span class='ocrx_word' id='word_1_184' title='bbox 1352 2200 1424 2241; x_wconf 88' lang='lat' dir='ltr'>vero</span> 
     </span>
     <span class='ocr_line' id='line_1_19' title="bbox 243 2279 1424 2362; baseline 0.003 -24"><span class='ocrx_word' id='word_1_185' title='bbox 243 2280 441 2338; x_wconf 79' lang='lat' dir='ltr'>rehaberent</span> <span class='ocrx_word' id='word_1_186' title='bbox 470 2279 533 2338; x_wconf 84' lang='lat' dir='ltr'>fere</span> <span class='ocrx_word' id='word_1_187' title='bbox 562 2281 650 2339; x_wconf 87' lang='lat' dir='ltr'>haec:</span> <span class='ocrx_word' id='word_1_188' title='bbox 752 2279 866 2338; x_wconf 88' lang='lat' dir='ltr'>facinus</span> <span class='ocrx_word' id='word_1_189' title='bbox 898 2281 976 2358; x_wconf 91' lang='lat' dir='ltr'>quod</span> <span class='ocrx_word' id='word_1_190' title='bbox 1006 2280 1145 2340; x_wconf 84' lang='lat' dir='ltr'>mulieres</span> <span class='ocrx_word' id='word_1_191' title='bbox 1167 2283 1317 2353; x_wconf 88' lang='lat' dir='ltr'>Lemniae,</span> <span class='ocrx_word' id='word_1_192' title='bbox 1348 2302 1424 2362; x_wconf 89' lang='lat' dir='ltr'>quae</span> 
     </span>
     <span class='ocr_line' id='line_1_20' title="bbox 242 2381 1422 2464; baseline 0.003 -24"><span class='ocrx_word' id='word_1_193' title='bbox 242 2386 339 2440; x_wconf 88' lang='lat' dir='ltr'>aetate</span> <span class='ocrx_word' id='word_1_194' title='bbox 361 2381 504 2441; x_wconf 88' lang='lat' dir='ltr'>Thoantis</span> <span class='ocrx_word' id='word_1_195' title='bbox 525 2382 674 2455; x_wconf 87' lang='lat' dir='ltr'>vixerunt,</span> <span class='ocrx_word' id='word_1_196' title='bbox 706 2382 924 2442; x_wconf 92' lang='lat' dir='ltr'>commiserunt.</span> <span class='ocrx_word' id='word_1_197' title='bbox 969 2382 1107 2461; x_wconf 91' lang='lat' dir='ltr'>Denique</span> <span class='ocrx_word' id='word_1_198' title='bbox 1138 2385 1174 2442; x_wconf 91' lang='lat' dir='ltr'>ad</span> <span class='ocrx_word' id='word_1_199' title='bbox 1205 2402 1269 2443; x_wconf 84' lang='lat' dir='ltr'>eam</span> <span class='ocrx_word' id='word_1_200' title='bbox 1292 2385 1422 2464; x_wconf 92' lang='lat' dir='ltr'>quidem,</span> 
     </span>
     <span class='ocr_line' id='line_1_21' title="bbox 244 2483 1423 2566; baseline 0.005 -25"><span class='ocrx_word' id='word_1_201' title='bbox 244 2503 332 2563; x_wconf 85' lang='lat' dir='ltr'>quem</span> <span class='ocrx_word' id='word_1_202' title='bbox 352 2484 555 2566; x_wconf 87' lang='lat' dir='ltr'>probavimus,</span> <span class='ocrx_word' id='word_1_203' title='bbox 579 2483 810 2559; x_wconf 88' lang='lat' dir='ltr'>explicationem</span> <span class='ocrx_word' id='word_1_204' title='bbox 832 2483 968 2560; x_wconf 81' lang='lat' dir='ltr'>proxime</span> <span class='ocrx_word' id='word_1_205' title='bbox 990 2486 1113 2559; x_wconf 84' lang='lat' dir='ltr'>accedit,</span> <span class='ocrx_word' id='word_1_206' title='bbox 1137 2487 1187 2545; x_wconf 91' lang='lat' dir='ltr'>sed</span> <span class='ocrx_word' id='word_1_207' title='bbox 1209 2491 1308 2546; x_wconf 89' lang='lat' dir='ltr'>tamen</span> <span class='ocrx_word' id='word_1_208' title='bbox 1325 2506 1423 2547; x_wconf 89' lang='lat' dir='ltr'>aver·</span> 
     </span>
     <span class='ocr_line' id='line_1_22' title="bbox 242 2582 1424 2666; baseline 0.002 -20"><span class='ocrx_word' id='word_1_209' title='bbox 242 2588 289 2646; x_wconf 88' lang='lat' dir='ltr'>bis</span> <span class='ocrx_word' id='word_1_210' title='bbox 312 2587 428 2647; x_wconf 88' lang='lat' dir='ltr'>traditis</span> <span class='ocrx_word' id='word_1_211' title='bbox 450 2587 635 2665; x_wconf 87' lang='lat' dir='ltr'>aliquantulo</span> <span class='ocrx_word' id='word_1_212' title='bbox 658 2587 800 2646; x_wconf 89' lang='lat' dir='ltr'>remotior</span> <span class='ocrx_word' id='word_1_213' title='bbox 823 2593 867 2646; x_wconf 87' lang='lat' dir='ltr'>est</span> <span class='ocrx_word' id='word_1_214' title='bbox 881 2588 1002 2645; x_wconf 89' lang='lat' dir='ltr'>Baehrii</span> <span class='ocrx_word' id='word_1_215' title='bbox 1024 2587 1250 2666; x_wconf 86' lang='lat' dir='ltr'>interpretatio:</span> <span class='ocrx_word' id='word_1_216' title='bbox 1273 2582 1343 2659; x_wconf 80' lang='grc' dir='ltr'>τούς</span> <span class='ocrx_word' id='word_1_217' title='bbox 1362 2582 1424 2665; x_wconf 67' lang='grc' dir='ltr'>ἅμα</span> 
     </span>
     <span class='ocr_line' id='line_1_23' title="bbox 246 2683 1423 2770; baseline 0.005 -24"><span class='ocrx_word' id='word_1_218' title='bbox 246 2683 354 2748; x_wconf 82' lang='grc' dir='ltr'><strong><em>Θόαντι</em></strong></span> <span class='ocrx_word' id='word_1_219' title='bbox 386 2709 449 2750; x_wconf 87' lang='lat' dir='ltr'>csse</span> <span class='ocrx_word' id='word_1_220' title='bbox 478 2690 559 2750; x_wconf 85' lang='lat' dir='ltr'>viros</span> <span class='ocrx_word' id='word_1_221' title='bbox 591 2689 641 2770; x_wconf 91' lang='lat' dir='ltr'>qui</span> <span class='ocrx_word' id='word_1_222' title='bbox 673 2709 732 2748; x_wconf 90' lang='lat' dir='ltr'>una</span> <span class='ocrx_word' id='word_1_223' title='bbox 765 2710 830 2749; x_wconf 89' lang='lat' dir='ltr'>cum</span> <span class='ocrx_word' id='word_1_224' title='bbox 853 2689 986 2748; x_wconf 90' lang='lat' dir='ltr'>Thoante</span> <span class='ocrx_word' id='word_1_225' title='bbox 1009 2689 1042 2750; x_wconf 89' lang='lat' dir='ltr'>in</span> <span class='ocrx_word' id='word_1_226' title='bbox 1065 2690 1209 2750; x_wconf 86' lang='lat' dir='ltr'>Lemnum</span> <span class='ocrx_word' id='word_1_227' title='bbox 1232 2693 1423 2752; x_wconf 82' lang='lat' dir='ltr'>advenerant.</span> 
     </span>
     <span class='ocr_line' id='line_1_24' title="bbox 243 2792 1424 2871; baseline 0.003 -20"><span class='ocrx_word' id='word_1_228' title='bbox 243 2794 301 2851; x_wconf 90' lang='lat' dir='ltr'>Illa</span> <span class='ocrx_word' id='word_1_229' title='bbox 331 2793 423 2867; x_wconf 87' lang='lat' dir='ltr'>igitur</span> <span class='ocrx_word' id='word_1_230' title='bbox 452 2793 576 2869; x_wconf 90' lang='lat' dir='ltr'>probata</span> <span class='ocrx_word' id='word_1_231' title='bbox 606 2792 878 2871; x_wconf 86' lang='lat' dir='ltr'>paulumquidem,</span> <span class='ocrx_word' id='word_1_232' title='bbox 910 2793 959 2850; x_wconf 90' lang='lat' dir='ltr'>sed</span> <span class='ocrx_word' id='word_1_233' title='bbox 993 2812 1053 2851; x_wconf 94' lang='lat' dir='ltr'>non</span> <span class='ocrx_word' id='word_1_234' title='bbox 1082 2793 1172 2868; x_wconf 85' lang='lat' dir='ltr'>longe</span> <span class='ocrx_word' id='word_1_235' title='bbox 1193 2794 1364 2856; x_wconf 88' lang='lat' dir='ltr'>Herodotus</span> <span class='ocrx_word' id='word_1_236' title='bbox 1387 2798 1424 2855; x_wconf 85' lang='lat' dir='ltr'>ab</span> 
     </span>
     <span class='ocr_line' id='line_1_25' title="bbox 244 2895 1424 2975; baseline 0.004 -23"><span class='ocrx_word' id='word_1_237' title='bbox 244 2897 336 2954; x_wconf 83' lang='lat' dir='ltr'>altera</span> <span class='ocrx_word' id='word_1_238' title='bbox 365 2897 400 2954; x_wconf 92' lang='lat' dir='ltr'>de</span> <span class='ocrx_word' id='word_1_239' title='bbox 424 2896 558 2955; x_wconf 82' lang='lat' dir='ltr'>Thoante</span> <span class='ocrx_word' id='word_1_240' title='bbox 588 2895 667 2953; x_wconf 86' lang='lat' dir='ltr'>fama</span> <span class='ocrx_word' id='word_1_241' title='bbox 691 2895 828 2966; x_wconf 88' lang='lat' dir='ltr'>recessit;</span> <span class='ocrx_word' id='word_1_242' title='bbox 860 2914 987 2975; x_wconf 88' lang='lat' dir='ltr'>namquo</span> <span class='ocrx_word' id='word_1_243' title='bbox 1010 2896 1149 2970; x_wconf 90' lang='lat' dir='ltr'>Apollod.</span> <span class='ocrx_word' id='word_1_244' title='bbox 1166 2898 1224 2957; x_wconf 87' lang='lat'>111.</span> <span class='ocrx_word' id='word_1_245' title='bbox 1247 2904 1309 2960; x_wconf 85' lang='lat'>6.4</span> <span class='ocrx_word' id='word_1_246' title='bbox 1333 2899 1424 2957; x_wconf 85' lang='lat' dir='ltr'>trudit</span> 
     </span>
     <span class='ocr_line' id='line_1_26' title="bbox 243 2996 1421 3077; baseline 0.005 -23"><span class='ocrx_word' id='word_1_247' title='bbox 243 2998 408 3056; x_wconf 86' lang='lat' dir='ltr'>Thoantem</span> <span class='ocrx_word' id='word_1_248' title='bbox 432 3015 551 3076; x_wconf 87' lang='lat' dir='ltr'>quoque</span> <span class='ocrx_word' id='word_1_249' title='bbox 574 3001 677 3071; x_wconf 86' lang='lat' dir='ltr'>postea</span> <span class='ocrx_word' id='word_1_250' title='bbox 705 3016 723 3055; x_wconf 88' lang='lat' dir='ltr'>a</span> <span class='ocrx_word' id='word_1_251' title='bbox 744 2997 918 3056; x_wconf 89' lang='lat' dir='ltr'>mulieribus</span> <span class='ocrx_word' id='word_1_252' title='bbox 941 2997 1074 3057; x_wconf 91' lang='lat' dir='ltr'>Lemniis</span> <span class='ocrx_word' id='word_1_253' title='bbox 1097 3005 1233 3059; x_wconf 90' lang='lat' dir='ltr'>necatum</span> <span class='ocrx_word' id='word_1_254' title='bbox 1257 3021 1329 3060; x_wconf 89' lang='lat' dir='ltr'>esse.</span> <span class='ocrx_word' id='word_1_255' title='bbox 1343 2996 1421 3077; x_wconf 73' lang='lat'>-⁴‘)</span> 
     </span>
    </p>
   </div>
   <div class='ocr_carea' id='block_1_3' title="bbox 242 3159 1424 4346">
    <p class='ocr_par' dir='ltr' id='par_1_3' title="bbox 246 3159 1422 3316">
     <span class='ocr_line' id='line_1_27' title="bbox 313 3159 1422 3230; baseline 0.001 -16"><span class='ocrx_word' id='word_1_256' title='bbox 313 3166 339 3229; x_wconf 89' lang='lat'>1)</span> <span class='ocrx_word' id='word_1_257' title='bbox 357 3168 420 3214; x_wconf 82' lang='lat' dir='ltr'>Fere</span> <span class='ocrx_word' id='word_1_258' title='bbox 437 3167 524 3214; x_wconf 92' lang='lat' dir='ltr'>eodem</span> <span class='ocrx_word' id='word_1_259' title='bbox 536 3165 660 3227; x_wconf 79' lang='lat' dir='ltr'>Kruegeri</span> <span class='ocrx_word' id='word_1_260' title='bbox 678 3165 810 3226; x_wconf 85' lang='lat' dir='ltr'>explicatio</span> <span class='ocrx_word' id='word_1_261' title='bbox 829 3171 935 3227; x_wconf 85' lang='lat' dir='ltr'>spectat:</span> <span class='ocrx_word' id='word_1_262' title='bbox 955 3159 1011 3230; x_wconf 79' lang='grc' dir='ltr'>ἅμα</span> <span class='ocrx_word' id='word_1_263' title='bbox 1027 3168 1163 3218; x_wconf 80' lang='lat' dir='ltr'>insolenter</span> <span class='ocrx_word' id='word_1_264' title='bbox 1180 3171 1288 3230; x_wconf 91' lang='lat' dir='ltr'>positum</span> <span class='ocrx_word' id='word_1_265' title='bbox 1307 3185 1360 3219; x_wconf 91' lang='lat' dir='ltr'>esse</span> <span class='ocrx_word' id='word_1_266' title='bbox 1378 3183 1422 3230; x_wconf 89' lang='lat' dir='ltr'>pro</span> 
     </span>
     <span class='ocr_line' id='line_1_28' title="bbox 246 3247 439 3316; baseline -0.026 -13"><span class='ocrx_word' id='word_1_267' title='bbox 246 3248 310 3316; x_wconf 85' lang='grc' dir='ltr'><strong><em>μετά</em></strong></span> <span class='ocrx_word' id='word_1_268' title='bbox 328 3255 370 3300; x_wconf 89' lang='lat' dir='ltr'>vel</span> <span class='ocrx_word' id='word_1_269' title='bbox 388 3247 439 3311; x_wconf 80' lang='grc' dir='ltr'><strong><em>ξύν.</em></strong></span> 
     </span>
    </p>

    <p class='ocr_par' dir='ltr' id='par_1_4' title="bbox 312 3336 683 3402">
     <span class='ocr_line' id='line_1_29' title="bbox 312 3336 683 3402; baseline -0.008 -16"><span class='ocrx_word' id='word_1_270' title='bbox 312 3336 338 3402; x_wconf 80' lang='lat'>2)</span> <span class='ocrx_word' id='word_1_271' title='bbox 357 3339 394 3386; x_wconf 80' lang='lat' dir='ltr'>cf.</span> <span class='ocrx_word' id='word_1_272' title='bbox 414 3338 585 3385; x_wconf 81' lang='lat' dir='ltr'>Grundmann.</span> <span class='ocrx_word' id='word_1_273' title='bbox 604 3353 630 3398; x_wconf 88' lang='lat' dir='ltr'>p.</span> <span class='ocrx_word' id='word_1_274' title='bbox 643 3339 683 3386; x_wconf 88' lang='grc'>58.</span> 
     </span>
    </p>

    <p class='ocr_par' dir='ltr' id='par_1_5' title="bbox 243 3409 1424 4086">
     <span class='ocr_line' id='line_1_30' title="bbox 311 3409 1424 3487; baseline 0.004 -18"><span class='ocrx_word' id='word_1_275' title='bbox 311 3423 336 3487; x_wconf 66' lang='lat'>⁴⁶)</span> <span class='ocrx_word' id='word_1_276' title='bbox 353 3423 407 3471; x_wconf 78' lang='lat' dir='ltr'>Etsi</span> <span class='ocrx_word' id='word_1_277' title='bbox 423 3424 449 3471; x_wconf 92' lang='lat' dir='ltr'>in</span> <span class='ocrx_word' id='word_1_278' title='bbox 467 3425 610 3473; x_wconf 88' lang='lat' dir='ltr'>universum</span> <span class='ocrx_word' id='word_1_279' title='bbox 627 3428 693 3471; x_wconf 88' lang='lat' dir='ltr'>recte</span> <span class='ocrx_word' id='word_1_280' title='bbox 712 3423 862 3484; x_wconf 87' lang='lat' dir='ltr'>praecipitur</span> <span class='ocrx_word' id='word_1_281' title='bbox 880 3424 975 3472; x_wconf 80' lang='lat' dir='ltr'>Atticos</span> <span class='ocrx_word' id='word_1_282' title='bbox 994 3409 1126 3486; x_wconf 82' lang='lat' dir='ltr'>scriptores</span> <span class='ocrx_word' id='word_1_283' title='bbox 1144 3426 1294 3474; x_wconf 77' lang='lat' dir='ltr'>affirmativa</span> <span class='ocrx_word' id='word_1_284' title='bbox 1312 3427 1424 3475; x_wconf 87' lang='lat' dir='ltr'>enuntia·</span> 
     </span>
     <span class='ocr_line' id='line_1_31' title="bbox 243 3502 1424 3574; baseline 0.003 -19"><span class='ocrx_word' id='word_1_285' title='bbox 243 3508 310 3556; x_wconf 90' lang='lat' dir='ltr'>tione</span> <span class='ocrx_word' id='word_1_286' title='bbox 328 3509 488 3557; x_wconf 84' lang='lat' dir='ltr'>antecedente</span> <span class='ocrx_word' id='word_1_287' title='bbox 506 3510 641 3570; x_wconf 77' lang='lat' dir='ltr'>particulas</span> <span class='ocrx_word' id='word_1_288' title='bbox 659 3505 703 3559; x_wconf 76' lang='grc' dir='ltr'>καὶ</span> <span class='ocrx_word' id='word_1_289' title='bbox 721 3502 750 3558; x_wconf 78' lang='lat' dir='ltr'>oi</span> <span class='ocrx_word' id='word_1_290' title='bbox 769 3508 821 3556; x_wconf 89' lang='lat' dir='ltr'>sive</span> <span class='ocrx_word' id='word_1_291' title='bbox 840 3505 884 3559; x_wconf 76' lang='grc' dir='ltr'>καὶ</span> <span class='ocrx_word' id='word_1_292' title='bbox 903 3505 949 3574; x_wconf 75' lang='grc' dir='ltr'>μή,</span> <span class='ocrx_word' id='word_1_293' title='bbox 968 3511 1122 3558; x_wconf 88' lang='lat' dir='ltr'>Herodotum</span> <span class='ocrx_word' id='word_1_294' title='bbox 1141 3513 1284 3572; x_wconf 84' lang='lat' dir='ltr'>saepissime</span> <span class='ocrx_word' id='word_1_295' title='bbox 1298 3505 1359 3563; x_wconf 81' lang='grc' dir='ltr'><strong><em>ον’δέ</em></strong></span> <span class='ocrx_word' id='word_1_296' title='bbox 1371 3513 1424 3560; x_wconf 89' lang='lat' dir='ltr'>sive</span> 
     </span>
     <span class='ocr_line' id='line_1_32' title="bbox 244 3591 1424 3662; baseline 0.003 -18"><span class='ocrx_word' id='word_1_297' title='bbox 244 3591 314 3658; x_wconf 81' lang='grc' dir='ltr'>μηδέ</span> <span class='ocrx_word' id='word_1_298' title='bbox 331 3609 480 3656; x_wconf 87' lang='lat' dir='ltr'>usurpasse,</span> <span class='ocrx_word' id='word_1_299' title='bbox 506 3599 587 3643; x_wconf 88' lang='lat' dir='ltr'>tamen</span> <span class='ocrx_word' id='word_1_300' title='bbox 606 3595 779 3656; x_wconf 78' lang='lat' dir='ltr'>Thucydides,</span> <span class='ocrx_word' id='word_1_301' title='bbox 803 3596 966 3653; x_wconf 78' lang='lat' dir='ltr'>cum110,4</span> <span class='ocrx_word' id='word_1_302' title='bbox 984 3596 1083 3656; x_wconf 84' lang='lat' dir='ltr'>scripsit</span> <span class='ocrx_word' id='word_1_303' title='bbox 1100 3593 1237 3661; x_wconf 65' lang='grc' dir='ltr'><strong><em>μέλλοντας</em></strong></span> <span class='ocrx_word' id='word_1_304' title='bbox 1255 3594 1365 3662; x_wconf 82' lang='grc' dir='ltr'><strong><em>πέλαγος</em></strong></span> <span class='ocrx_word' id='word_1_305' title='bbox 1382 3612 1424 3648; x_wconf 86' lang='grc' dir='ltr'>πε-</span> 
     </span>
     <span class='ocr_line' id='line_1_33' title="bbox 244 3667 1424 3749; baseline 0 -20"><span class='ocrx_word' id='word_1_306' title='bbox 244 3676 402 3742; x_wconf 64' lang='lat' dir='ltr'>peruaserat</span> <span class='ocrx_word' id='word_1_307' title='bbox 428 3675 493 3744; x_wconf 78' lang='grc' dir='ltr'><strong><em>μετὰ</em></strong></span> <span class='ocrx_word' id='word_1_308' title='bbox 519 3679 617 3730; x_wconf 79' lang='grc' dir='ltr'><strong><em>σκευῶν</em></strong></span> <span class='ocrx_word' id='word_1_309' title='bbox 643 3677 786 3744; x_wconf 80' lang='grc' dir='ltr'><strong><em>πολεμικῶν</em></strong></span> <span class='ocrx_word' id='word_1_310' title='bbox 805 3672 859 3732; x_wconf 75' lang='lat' dir='ltr'>oo&#39;h’</span> <span class='ocrx_word' id='word_1_311' title='bbox 877 3667 911 3730; x_wconf 81' lang='lat' dir='ltr'>oui</span> <span class='ocrx_word' id='word_1_312' title='bbox 929 3676 960 3731; x_wconf 86' lang='grc' dir='ltr'>τὰ</span> <span class='ocrx_word' id='word_1_313' title='bbox 979 3682 1055 3732; x_wconf 80' lang='grc' dir='ltr'><strong><em>πλοῖα</em></strong></span> <span class='ocrx_word' id='word_1_314' title='bbox 1073 3676 1242 3746; x_wconf 82' lang='grc' dir='ltr'><strong><em>κατάφρακτα</em></strong></span> <span class='ocrx_word' id='word_1_315' title='bbox 1262 3679 1365 3749; x_wconf 71' lang='grc' dir='ltr'><strong><em>ἔχοντας</em></strong></span> <span class='ocrx_word' id='word_1_316' title='bbox 1383 3697 1424 3730; x_wconf 89' lang='lat' dir='ltr'>ne·</span> 
     </span>
     <span class='ocr_line' id='line_1_34' title="bbox 243 3766 1424 3828; baseline 0.003 -16"><span class='ocrx_word' id='word_1_317' title='bbox 243 3781 290 3825; x_wconf 92' lang='lat' dir='ltr'>que</span> <span class='ocrx_word' id='word_1_318' title='bbox 308 3767 436 3826; x_wconf 87' lang='lat' dir='ltr'>proprium</span> <span class='ocrx_word' id='word_1_319' title='bbox 453 3767 517 3813; x_wconf 88' lang='lat' dir='ltr'>inter</span> <span class='ocrx_word' id='word_1_320' title='bbox 535 3767 592 3812; x_wconf 91' lang='lat' dir='ltr'>illos</span> <span class='ocrx_word' id='word_1_321' title='bbox 616 3770 684 3813; x_wconf 86' lang='lat' dir='ltr'>tenet</span> <span class='ocrx_word' id='word_1_322' title='bbox 706 3766 787 3813; x_wconf 88' lang='lat' dir='ltr'>locum</span> <span class='ocrx_word' id='word_1_323' title='bbox 813 3780 891 3826; x_wconf 88' lang='lat' dir='ltr'>neque</span> <span class='ocrx_word' id='word_1_324' title='bbox 913 3767 961 3814; x_wconf 89' lang='lat' dir='ltr'>hec</span> <span class='ocrx_word' id='word_1_325' title='bbox 980 3768 1005 3813; x_wconf 93' lang='lat' dir='ltr'>in</span> <span class='ocrx_word' id='word_1_326' title='bbox 1024 3782 1050 3815; x_wconf 89' lang='lat' dir='ltr'>re</span> <span class='ocrx_word' id='word_1_327' title='bbox 1068 3768 1148 3828; x_wconf 79' lang='lat' dir='ltr'>megia</span> <span class='ocrx_word' id='word_1_328' title='bbox 1166 3768 1254 3816; x_wconf 89' lang='lat' dir='ltr'>ceteris</span> <span class='ocrx_word' id='word_1_329' title='bbox 1272 3782 1327 3816; x_wconf 87' lang='lat' dir='ltr'>cum</span> <span class='ocrx_word' id='word_1_330' title='bbox 1345 3769 1424 3816; x_wconf 90' lang='lat' dir='ltr'>Hero·</span> 
     </span>
     <span class='ocr_line' id='line_1_35' title="bbox 243 3851 1424 3913; baseline 0.001 -14"><span class='ocrx_word' id='word_1_331' title='bbox 243 3854 301 3899; x_wconf 90' lang='lat' dir='ltr'>doto</span> <span class='ocrx_word' id='word_1_332' title='bbox 326 3852 442 3899; x_wconf 90' lang='lat' dir='ltr'>concinit.</span> <span class='ocrx_word' id='word_1_333' title='bbox 477 3853 541 3898; x_wconf 86' lang='lat' dir='ltr'>Nam</span> <span class='ocrx_word' id='word_1_334' title='bbox 566 3851 639 3898; x_wconf 88' lang='lat' dir='ltr'>otiam</span> <span class='ocrx_word' id='word_1_335' title='bbox 665 3852 763 3912; x_wconf 87' lang='lat' dir='ltr'>saepius</span> <span class='ocrx_word' id='word_1_336' title='bbox 789 3858 814 3898; x_wconf 86' lang='lat' dir='ltr'>et</span> <span class='ocrx_word' id='word_1_337' title='bbox 839 3852 947 3913; x_wconf 87' lang='lat' dir='ltr'>apertius</span> <span class='ocrx_word' id='word_1_338' title='bbox 965 3854 1095 3902; x_wconf 86' lang='lat' dir='ltr'>Platonem</span> <span class='ocrx_word' id='word_1_339' title='bbox 1121 3867 1176 3901; x_wconf 90' lang='lat' dir='ltr'>cnm</span> <span class='ocrx_word' id='word_1_340' title='bbox 1198 3855 1326 3901; x_wconf 88' lang='lat' dir='ltr'>Herodoto</span> <span class='ocrx_word' id='word_1_341' title='bbox 1344 3855 1424 3901; x_wconf 82' lang='lat' dir='ltr'>iacere</span> 
     </span>
     <span class='ocr_line' id='line_1_36' title="bbox 243 3937 1423 4000; baseline 0.002 -16"><span class='ocrx_word' id='word_1_342' title='bbox 243 3939 404 3997; x_wconf 84' lang='lat' dir='ltr'>Engelhardt.</span> <span class='ocrx_word' id='word_1_343' title='bbox 432 3938 463 3984; x_wconf 90' lang='lat' dir='ltr'>ad</span> <span class='ocrx_word' id='word_1_344' title='bbox 482 3938 545 3986; x_wconf 90' lang='lat' dir='ltr'>Plat.</span> <span class='ocrx_word' id='word_1_345' title='bbox 565 3937 640 3983; x_wconf 83' lang='lat' dir='ltr'>Lech.</span> <span class='ocrx_word' id='word_1_346' title='bbox 659 3951 683 3997; x_wconf 88' lang='lat' dir='ltr'>p.</span> <span class='ocrx_word' id='word_1_347' title='bbox 697 3941 761 3986; x_wconf 73' lang='lat' dir='ltr'>dis.</span> <span class='ocrx_word' id='word_1_348' title='bbox 782 3938 966 3986; x_wconf 83' lang='lat' dir='ltr'>demonstravit.</span> <span class='ocrx_word' id='word_1_349' title='bbox 1003 3939 1042 3986; x_wconf 84' lang='lat' dir='ltr'>Ad</span> <span class='ocrx_word' id='word_1_350' title='bbox 1067 3940 1195 4000; x_wconf 85' lang='lat' dir='ltr'>exempla,</span> <span class='ocrx_word' id='word_1_351' title='bbox 1221 3954 1284 3998; x_wconf 84' lang='lat' dir='ltr'>qnae</span> <span class='ocrx_word' id='word_1_352' title='bbox 1306 3940 1342 3986; x_wconf 92' lang='lat' dir='ltr'>ibi</span> <span class='ocrx_word' id='word_1_353' title='bbox 1367 3953 1423 3986; x_wconf 90' lang='lat' dir='ltr'>con·</span> 
     </span>
     <span class='ocr_line' id='line_1_37' title="bbox 243 4023 1302 4086; baseline 0.002 -17"><span class='ocrx_word' id='word_1_354' title='bbox 243 4023 307 4082; x_wconf 84' lang='lat' dir='ltr'>tulit,</span> <span class='ocrx_word' id='word_1_355' title='bbox 325 4023 401 4072; x_wconf 81' lang='lat' dir='ltr'>Lech.</span> <span class='ocrx_word' id='word_1_356' title='bbox 419 4039 443 4084; x_wconf 90' lang='lat' dir='ltr'>p.</span> <span class='ocrx_word' id='word_1_357' title='bbox 458 4023 549 4072; x_wconf 69' lang='lat' dir='ltr'>laad</span> <span class='ocrx_word' id='word_1_358' title='bbox 568 4023 624 4085; x_wconf 82' lang='lat' dir='ltr'>Rpl.</span> <span class='ocrx_word' id='word_1_359' title='bbox 638 4038 661 4082; x_wconf 92' lang='lat' dir='ltr'>p.</span> <span class='ocrx_word' id='word_1_360' title='bbox 677 4026 735 4072; x_wconf 77' lang='lat'>498.</span> <span class='ocrx_word' id='word_1_361' title='bbox 749 4025 773 4070; x_wconf 87' lang='lat' dir='ltr'>D</span> <span class='ocrx_word' id='word_1_362' title='bbox 791 4040 815 4084; x_wconf 90' lang='lat' dir='ltr'>p.</span> <span class='ocrx_word' id='word_1_363' title='bbox 829 4024 887 4071; x_wconf 86' lang='grc'>555.</span> <span class='ocrx_word' id='word_1_364' title='bbox 901 4024 930 4082; x_wconf 85' lang='lat' dir='ltr'>E,</span> <span class='ocrx_word' id='word_1_365' title='bbox 949 4024 1019 4072; x_wconf 88' lang='lat' dir='ltr'>adice</span> <span class='ocrx_word' id='word_1_366' title='bbox 1040 4024 1145 4072; x_wconf 82' lang='lat' dir='ltr'>Conviv.</span> <span class='ocrx_word' id='word_1_367' title='bbox 1163 4041 1187 4086; x_wconf 92' lang='lat' dir='ltr'>p.</span> <span class='ocrx_word' id='word_1_368' title='bbox 1201 4027 1259 4074; x_wconf 81' lang='lat' dir='ltr'>ala.</span> <span class='ocrx_word' id='word_1_369' title='bbox 1273 4027 1302 4071; x_wconf 88' lang='grc' dir='ltr'>Β.</span> 
     </span>
    </p>

    <p class='ocr_par' dir='ltr' id='par_1_6' title="bbox 242 4108 1422 4346">
     <span class='ocr_line' id='line_1_38' title="bbox 311 4108 1422 4171; baseline -0.001 -16"><span class='ocrx_word' id='word_1_370' title='bbox 311 4108 374 4156; x_wconf 86' lang='lat' dir='ltr'>Cum</span> <span class='ocrx_word' id='word_1_371' title='bbox 391 4124 421 4156; x_wconf 82' lang='lat' dir='ltr'>ex</span> <span class='ocrx_word' id='word_1_372' title='bbox 440 4110 592 4169; x_wconf 87' lang='lat' dir='ltr'>Hippocrate</span> <span class='ocrx_word' id='word_1_373' title='bbox 610 4109 690 4155; x_wconf 84' lang='lat' dir='ltr'>adhuc</span> <span class='ocrx_word' id='word_1_374' title='bbox 708 4124 788 4168; x_wconf 88' lang='lat' dir='ltr'>nemo,</span> <span class='ocrx_word' id='word_1_375' title='bbox 807 4114 925 4168; x_wconf 77' lang='lat' dir='ltr'>quantum</span> <span class='ocrx_word' id='word_1_376' title='bbox 946 4111 1004 4170; x_wconf 91' lang='lat' dir='ltr'>scio,</span> <span class='ocrx_word' id='word_1_377' title='bbox 1022 4111 1048 4157; x_wconf 94' lang='lat' dir='ltr'>id</span> <span class='ocrx_word' id='word_1_378' title='bbox 1066 4125 1144 4170; x_wconf 83' lang='lat' dir='ltr'>genus</span> <span class='ocrx_word' id='word_1_379' title='bbox 1157 4111 1271 4171; x_wconf 88' lang='lat' dir='ltr'>exempla</span> <span class='ocrx_word' id='word_1_380' title='bbox 1283 4109 1422 4171; x_wconf 87' lang='lat' dir='ltr'>protulerit,</span> 
     </span>
     <span class='ocr_line' id='line_1_39' title="bbox 243 4194 1422 4259; baseline 0.002 -18"><span class='ocrx_word' id='word_1_381' title='bbox 243 4208 305 4253; x_wconf 87' lang='lat' dir='ltr'>quac</span> <span class='ocrx_word' id='word_1_382' title='bbox 331 4194 465 4256; x_wconf 90' lang='lat' dir='ltr'>deprendi,</span> <span class='ocrx_word' id='word_1_383' title='bbox 491 4195 588 4242; x_wconf 84' lang='lat' dir='ltr'>iudico:</span> <span class='ocrx_word' id='word_1_384' title='bbox 614 4195 645 4241; x_wconf 90' lang='lat' dir='ltr'>de</span> <span class='ocrx_word' id='word_1_385' title='bbox 671 4194 763 4242; x_wconf 88' lang='lat' dir='ltr'>morbis</span> <span class='ocrx_word' id='word_1_386' title='bbox 789 4197 857 4255; x_wconf 83' lang='lat' dir='ltr'>vulg.</span> <span class='ocrx_word' id='word_1_387' title='bbox 876 4195 918 4242; x_wconf 90' lang='lat' dir='ltr'>lib.</span> <span class='ocrx_word' id='word_1_388' title='bbox 938 4196 1134 4243; x_wconf 85' lang='lat' dir='ltr'>1.v01.xx111.</span> <span class='ocrx_word' id='word_1_389' title='bbox 1153 4214 1176 4258; x_wconf 90' lang='lat' dir='ltr'>p.</span> <span class='ocrx_word' id='word_1_390' title='bbox 1197 4199 1254 4247; x_wconf 84' lang='grc'>386.</span> <span class='ocrx_word' id='word_1_391' title='bbox 1275 4198 1317 4259; x_wconf 82' lang='lat' dir='ltr'>im,</span> <span class='ocrx_word' id='word_1_392' title='bbox 1335 4195 1379 4243; x_wconf 86' lang='lat' dir='ltr'>lib.</span> <span class='ocrx_word' id='word_1_393' title='bbox 1393 4195 1422 4243; x_wconf 91' lang='lat' dir='ltr'>V.</span> 
     </span>
     <span class='ocr_line' id='line_1_40' title="bbox 242 4281 687 4346; baseline 0.004 -18"><span class='ocrx_word' id='word_1_394' title='bbox 242 4294 266 4346; x_wconf 87' lang='lat' dir='ltr'>p.</span> <span class='ocrx_word' id='word_1_395' title='bbox 280 4284 337 4331; x_wconf 77' lang='lat' dir='ltr'>ott.</span> <span class='ocrx_word' id='word_1_396' title='bbox 351 4281 393 4340; x_wconf 85' lang='lat' dir='ltr'>im,</span> <span class='ocrx_word' id='word_1_397' title='bbox 413 4281 455 4329; x_wconf 89' lang='lat' dir='ltr'>lib.</span> <span class='ocrx_word' id='word_1_398' title='bbox 467 4281 522 4328; x_wconf 88' lang='lat' dir='ltr'>Vll.</span> <span class='ocrx_word' id='word_1_399' title='bbox 541 4295 565 4342; x_wconf 84' lang='lat' dir='ltr'>p.</span> <span class='ocrx_word' id='word_1_400' title='bbox 579 4281 636 4330; x_wconf 82' lang='grc'>686.</span> <span class='ocrx_word' id='word_1_401' title='bbox 650 4294 687 4330; x_wconf 86' lang='lat' dir='ltr'>ex.</span> 
     </span>
    </p>
   </div>
   <div class='ocr_carea' id='block_1_4' title="bbox 735 4400 939 4410">
    <p class='ocr_par' dir='ltr' id='par_1_7' title="bbox 735 4400 939 4410">
     <span class='ocr_line' id='line_1_41' title="bbox 735 4400 939 4410; baseline 0.005 -2"><span class='ocrx_word' id='word_1_402' title='bbox 735 4400 939 4410; x_wconf 77' lang='lat'>-..-.—.-—..-.</span> 
     </span>
    </p>
   </div>
   <div class='ocr_carea' id='block_1_5' title="bbox 0 0 1600 4902">
    <p class='ocr_par' dir='ltr' id='par_1_8' title="bbox 0 0 1600 4902">
     <span class='ocr_line' id='line_1_42' title="bbox 0 0 1600 4902; baseline 0 0"><span class='ocrx_word' id='word_1_403' title='bbox 0 0 1600 4902; x_wconf 95' lang='lat' dir='ltr'> </span> 
     </span>
    </p>
   </div>
  </div>
 </body>
</html>
