3192 4902
654 219 865 288 „47-

170 395 315 458 rationem
338 396 473 474 gentium
495 396 677 457 Medicorum
699 395 822 471 legitur:
845 393 929 475 γίνεα
950 391 1004 472 μὲν
1019 389 1056 475 δὴ
1073 390 1195 474 Μήδων
1217 394 1277 458 ἐστί
1299 419 1351 458 το-

171 495 270 559 σοίδε.
310 500 509 578 v1199,17:
533 496 563 568 ἐς
584 495 637 574 μὲν
659 496 781 558 τοσόνδε
803 491 821 558 ό
844 494 985 569 ναυτικός
1006 494 1128 579 στρατός
1151 500 1274 580 είρηται.

171 603 380 679 Thucyd.1
405 609 454 676 94,
478 610 516 662 2:
555 595 804 681 ἐξεπολιόρκησαν
843 599 874 662 ἐν
909 602 979 685 τῇδε
1015 604 1051 686 τῇ
1086 594 1248 686 ἡγεμονίᾳ,
1280 605 1300 667 i.
1323 626 1349 665 e.

169 707 201 764 in
216 706 382 765 Pausaniae
405 705 457 784 qui
480 705 567 782 paulo
590 713 678 765 antee
698 710 876 766 memoratus
892 712 938 765 est
952 706 1086 784 imperio.
1123 711 1191 780 103,
1208 713 1244 768 4:
1267 707 1297 786 (§
1313 714 1350 767 3:

170 803 400 888 προσεχώρησαν
422 804 454 868 δὲ
475 805 525 867 καί
549 811 695 887 Μεγαρῆς
712 803 891 886 Ἀθηναίοις
921 806 951 879 ἐς
973 808 1139 886 ξυμμαχίαν
1161 810 1350 886 Λακεδαιμο·

169 911 242 971 νίων
271 903 460 981 οἷποστυίντας
477 955 484 968 .
504 956 510 969 .
528 913 552 984 .)
585 909 633 970 καί
659 911 838 990 Κορινθίοις
868 908 921 988 μὲν
952 905 1006 989 οόχ
1037 905 1144 988 ἣκιστα
1175 905 1235 971 α’πό
1263 911 1350 971 τοῦδε

169 1008 202 1073 τό
226 1007 361 1092 σφοδρόν
383 1018 469 1090 μῖσος
493 1007 601 1093 ἤρξατο
624 1016 746 1092 πρῶτον
769 1012 799 1084 ἐς
820 1007 1003 1092 Ἀθηναίους
1026 1011 1174 1094 γενέσθαι.
1220 1013 1344 1089 V68‚1

168 1123 237 1196 post
259 1118 334 1177 aciei
357 1117 587 1195 descriptionem
607 1118 732 1193 legitur:
755 1115 835 1189 τιίξις
857 1113 911 1194 μὲν
932 1106 971 1196 ἦν
993 1112 1056 1195 ἥδε.
1095 1119 1157 1178 VII
1174 1123 1223 1191 58,
1240 1124 1275 1178 a:
1298 1114 1349 1176 καί

169 1217 241 1294 οἵδε,
258 1241 297 1280 ac.
314 1220 507 1293 Camarinaei,
523 1220 673 1293 tielenses,
688 1221 880 1298 Selinuntii§
898 1226 923 1282 1.
949 1221 1102 1294 nominati,
1126 1216 1179 1296 μὲν
1194 1222 1247 1297 τῆς
1264 1223 1351 1280 Σικε-

168 1321 233 1392 λίας
261 1316 294 1380 τό
325 1314 402 1400 πρός
431 1316 554 1399 Λιβόην
585 1319 674 1401 μίρος
700 1320 899 1402 τετραμμένον
925 1318 1091 1400 νεμόμενοι.
1138 1327 1186 1397 57,
1212 1327 1267 1383 ll:
1298 1319 1349 1382 καί

169 1423 242 1497 οἵδε,
265 1445 305 1484 so.
327 1425 402 1486 socii
425 1425 653 1485 Atheniensium
676 1432 762 1485 antea
785 1427 958 1502 enumerati,
992 1422 1045 1503 μὲν
1067 1428 1107 1508 τῷ
1127 1421 1223 1508 Ἰονίῳ
1245 1420 1348 1509 κόλπῳ

169 1520 385 1606 όριζόμενοιὶ).
408 1563 450 1572 -
472 1530 623 1601 1147,1:
654 1523 770 1587 τοιόσδε
792 1524 845 1605 μὲν
872 1521 1008 1603 ότόφος
1031 1526 1144 1608 ἐγένετο
1176 1525 1208 1588 ἐν
1230 1531 1272 1610 τῷ
1294 1549 1350 1606 χει-

169 1633 247 1706 μῶνι
268 1625 374 1712 τούτῳ.
419 1627 468 1689 καί
500 1624 672 1700 διελθόντος
695 1623 788 1690 αότοῦ
805 1676 811 1688 .
829 1675 860 1690 ..
896 1633 1075 1706 vl17s‚1:
1103 1623 1141 1690 ‘O
1163 1627 1217 1707 μὲν
1241 1630 1350 1701 Νικίας

169 1736 267 1810 (cuius
282 1734 376 1794 oratio
392 1754 455 1810 cap.
467 1734 517 1795 77.
534 1733 715 1811 continetur)
732 1727 831 1794 τοιάδε
845 1729 1117 1813 παρακελευόμενος
1129 1727 1190 1810 όίμα
1206 1728 1298 1817 ἐπῄει.
1308 1769 1350 1779 -

170 1838 214 1896 VI
231 1844 295 1910 2,6
319 1837 506 1916 Thucydides
534 1839 751 1897 enarrationem
780 1839 973 1897 barbarorum
994 1837 1125 1897 Siciliam
1154 1837 1350 1897 incolentium

167 1941 213 1998 ita
236 1939 398 1999 conclusit:
421 1934 571 2019 βάρβαροι
593 1935 646 2015 μὲν
668 1927 724 1998 σόν
746 1937 862 1999 τοσοίδε
877 1939 1017 1998 Σικελίαν
1038 1936 1090 1998 καὶ
1106 1932 1204 2009 οὕτως
1220 1931 1348 2021 ρόκησαν,

172 2049 200 2116 6,
216 2047 252 2102 1;
280 2044 416 2101 Τοσαῦτα
439 2039 515 2117 ἐθνη
537 2033 682 2119 Ἑλλήνων
703 2040 754 2102 καί
777 2037 939 2122 βαρβάρων
961 2042 1100 2102 Σικελίαν
1124 2035 1203 2124 ρ’ίκει,
1226 2040 1276 2101 καί
1301 2039 1351 2102 ἐπὶ

169 2139 295 2221 τοσήνδε
318 2132 412 2205 οὖσαν
435 2139 529 2220 αὐτην
552 2143 583 2203 oi
599 2137 757 2221 Ἀθηναῖοι
779 2139 947 2225 στρατεύειν
970 2140 1116 2225 ὥρμηντο.
1163 2145 1281 2208 Quanta
1303 2146 1349 2205 si-

171 2250 240 2308 cilia
258 2248 306 2322 sit,
322 2250 366 2308 VI
385 2255 410 2322 1,
428 2254 445 2306 9
462 2248 648 2308 describitur.
672 2250 732 2310 VII
750 2250 798 2320 57,
817 2255 873 2309 ll:
895 2243 1000 2309 τοσοίδε
1022 2244 1076 2324 μὲν
1091 2241 1162 2323 μετιί
1174 2243 1350 2324 Ἀθηναίων

172 2350 247 2428 ἔθνη
271 2346 455 2430 ἐστράτευον.
487 2351 690 2429 Συρακοσίοις
712 2347 744 2411 δὲ
761 2397 767 2409 .
784 2399 791 2412 .
808 2397 814 2409 .
845 2359 895 2430 58,
912 2359 946 2413 3:
968 2349 1020 2412 καὶ
1033 2344 1188 2428 Ἑλληνικοί
1204 2348 1257 2428 μὲν
1272 2349 1349 2429 ἐθνη

170 2458 230 2513 τοῖν
253 2451 284 2513 ἐν
299 2452 421 2536 Σικελίᾳ
443 2450 560 2525 τοσοίδε,
585 2456 698 2534 Δοριῆς
720 2474 750 2512 τε
772 2451 822 2512 καί
839 2449 1002 2531 αὐτόνομοι
1017 2450 1132 2529 πάντες,
1155 2450 1349 2532 ξυνεμιίγουν,

170 2551 333 2637 βαρβάρων
355 2553 388 2615 δὲ
404 2601 411 2614 .
429 2601 435 2614 .
453 2603 459 2617 .

170 2664 194 2719 Ε
217 2662 324 2720 ceteris
345 2660 541 2736 scriptoribus
564 2660 675 2720 Atticis
697 2662 771 2720 haec
794 2661 931 2737 exempla
953 2662 1033 2720 erui:

171 2765 246 2825 Plat.
269 2766 350 2822 Prot.
373 2783 402 2839 p.
427 2769 488 2822 590
509 2764 550 2823 E:
578 2755 599 2822 δι’
622 2758 653 2822 δὲ
674 2748 745 2838 ηὗξε
768 2759 905 2842 μεγέθει,
936 2761 1010 2844 τῷδε
1041 2755 1122 2845 αὐτῷ
1153 2758 1230 2822 αὐτό
1254 2761 1350 2836 ἔσωζε,

170 2867 221 2926 ubi
243 2873 343 2926 tamen
366 2866 465 2926 nescio
487 2887 525 2925 an
547 2859 599 2924 όδε
622 2866 760 2926 nonnihil
782 2886 817 2926 eo
840 2871 1006 2939 excusetur,
1031 2868 1111 2945 quod
1134 2871 1231 2927 exstat
1253 2866 1284 2925 in
1308 2869 1351 2926 fa-

170 2970 239 3028 bula
268 2992 287 3029 a
311 2971 474 3044 Protagora
502 2976 623 3029 narrate
653 2970 838 3049 poeticiaque
868 2971 991 3029 vocibus
1022 2976 1178 3046 exornata3
1211 2970 1351 3046 Xenoph.

170 3072 240 3147 Rpl.
257 3074 324 3131 Lao.
342 3072 410 3132 XV.
427 3076 463 3130 4:
486 3068 537 3130 καὶ
558 3065 642 3148 (τοός
664 3068 810 3149 βασιλέως)
835 3071 958 3154 διμορίρι
981 3091 1013 3152 γε
1037 3069 1086 3132 ἐπὶ
1106 3075 1147 3154 τῷ
1168 3072 1279 3156 δείπνῳ
1297 3071 1352 3133 ἐτί-

129 3238 130 3244 ,
175 3190 264 3249 μησεν
287 3175 502 3253 (Λυκοῦργος),
526 3167 579 3250 οόχ
604 3172 655 3234 ἵνα
670 3169 810 3233 διπλάσια
825 3169 1038 3254 καταφάγοιεν,
1062 3168 1122 3233 ἀλλ’
1143 3173 1194 3234 ἵνα
1216 3173 1265 3235 καί
1290 3169 1351 3234 όπό

174 3275 261 3334 τοῦδε
283 3279 403 3354 τιμῆσαι
425 3267 579 3352 ἐχοιεν,ἐί
599 3298 664 3335 τινα
686 3271 843 3354 βούλοιντο
855 3275 892 3356 ²).

174 3379 385 3456 Exemplorum
401 3385 500 3439 autem
517 3399 592 3458 quae
607 3379 770 3439 Schneider
786 3382 823 3439 ad
834 3381 976 3456 Xenoph.
987 3381 1075 3441 Mem.
1091 3383 1107 3440 I
1124 3383 1151 3455 7,
1168 3387 1185 3440 5
1209 3385 1353 3442 Kuehner

170 3484 208 3541 ad
231 3482 371 3559 Xenoph.
397 3483 483 3542 Mem.
501 3483 560 3557 19,
578 3487 594 3541 3
618 3485 716 3543 Haase
739 3485 775 3542 ad
798 3483 937 3560 Xenoph.
954 3484 1023 3560 Rpl.
1039 3485 1108 3545 Lac.
1123 3486 1191 3547 XV.
1210 3492 1227 3543 9
1251 3487 1354 3544 landa·

243 3637 268 3701 1)
286 3637 332 3684 His
351 3637 470 3697 exemplis
488 3651 538 3683 non
557 3637 769 3684 adnumerandum
788 3650 842 3684 esse
861 3638 872 3693 l
891 3640 914 3696 9,
933 3638 960 3682 6:
986 3632 1030 3686 καλ
1048 3633 1212 3702 παράδειγμα
1229 3633 1291 3688 τόδε
1307 3638 1352 3688 τοῦ

171 3719 249 3786 λόγου
275 3716 321 3772 ota
338 3718 468 3789 ἐλάχιστον
487 3722 623 3770 Ullriohius
648 3723 780 3782 „Baitrtge
806 3737 850 3770 zur
868 3723 1011 3784 Erlrlitrung
1035 3724 1078 3770 das
1097 3724 1191 3770 Thuc.“
1210 3738 1234 3783 p.
1255 3725 1293 3770 19.
1313 3725 1355 3770 de·

171 3809 329 3868 monstravit,
355 3814 440 3856 contra
465 3823 539 3869 quam
560 3809 701 3869 opinionem
719 3809 874 3868 Kruegerum
892 3809 1023 3858 infeliciter
1041 3823 1152 3870 pugnare
1171 3808 1255 3855 Stahl.
1270 3811 1354 3855 annal.

172 3894 326 3942 Fleckeisen.
344 3896 395 3942 vol.
413 3895 567 3941 LXXXVII.
585 3909 609 3955 p.
628 3897 687 3942 452.
705 3894 808 3942 monuit.

244 3977 269 4042 9)
287 3981 357 4028 Alius
381 3981 451 4028 locus
469 3981 664 4041 Xenophonteus
688 3981 713 4027 in
730 3981 796 4028 Hell.
815 3981 841 4027 11
858 3984 882 4040 4,
902 3984 927 4042 3,
951 3980 993 4028 ubi
1018 3979 1077 4028 olim
1102 3979 1245 4041 legebatur:
1270 3979 1354 4045 βουλο-

174 4063 256 4130 μένων
274 4061 303 4116 δὲ
320 4064 369 4116 τῶν
387 4061 521 4130 τριάκοντα
538 4059 714 4132 ἀποτειχίζειν,
733 4057 804 4122 ὅπως
815 4060 1040 4130 ἐκπολιορκήσειαν
1053 4056 1147 4122 αὐτοὺς
1160 4058 1354 4122 ἀποκλείσαντες

172 4146 219 4208 τὰς
237 4146 346 4216 ἐφόδους
363 4150 413 4202 τῶν
439 4149 605 4215 ἐπιτηδείων,
633 4147 786 4217 ἐπιγίγνεται
803 4150 850 4215 τῆς
868 4148 958 4209 νυκτὸς
976 4148 1038 4218 χιών
1055 4147 1222 4216 πομπληθής.
1259 4148 1304 4200 καί
1320 4150 1353 4218 τῇ

175 4232 299 4305 δστεροιίᾳ
317 4234 373 4290 οἵδε
389 4235 519 4303 νιφόμενοι
536 4232 655 4300 νίπῆλθσν
674 4234 711 4293 εἰς
728 4233 756 4287 τὸ
772 4228 846 4299 iero,
866 4252 930 4284 nuno
948 4238 984 4285 sio
996 4238 1140 4284 emendatus
1152 4241 1204 4284 est:
1224 4233 1355 4290 ....ἐπι·

175 4317 286 4390 γίγνεται
303 4322 353 4388 τῆς
370 4319 461 4382 νυκτδς
477 4319 540 4392 pulv
557 4317 718 4388 παμπληθὴς
735 4318 780 4374 καὶ
797 4321 830 4390 τῇ
850 4317 981 4394 ὑστεραίᾳ.
1002 4321 1024 4374 σί
1042 4321 1071 4374 δὲ
1086 4356 1170 4376 .....
