3192 4902
670 247 882 312 ...23-

185 416 308 502 ρὲγγνος
330 417 411 480 ἔσται
435 417 578 478 διασῶσαι
609 410 661 488 τάς
684 416 763 492 νέας,
795 420 888 481 Thuo.
913 421 973 480 VII
997 426 1047 494 68,
1072 426 1107 480 3:
1137 413 1214 479 πολύ
1236 441 1272 480 τε
1288 407 1366 500 πράς

185 519 220 584 toi
243 518 325 584 ὃεινά
348 515 588 602 φερεγγνῶταιος
611 515 720 598 ἒφάνη,
750 543 839 600 porro
874 527 911 583 sb
933 525 1086 602 Aeschylo
1117 525 1262 602 Sophocle
1275 524 1303 600 1)
1336 529 1366 583 et

185 652 203 689 e
225 631 304 689 (less.
329 627 364 686 Ι).
387 627 463 685 XLI
486 631 513 699 9,
539 630 552 684 1
578 625 721 687 Themist.
745 647 787 686 or.
811 627 852 690 ΙΙ,
877 647 905 702 p.
930 632 980 686 30.
1003 627 1040 686 D.
1064 631 1241 704 usurpatum
1264 633 1318 686 est.

272 733 352 791 Num
374 749 445 790 vero
470 730 591 803 Gregor.
614 727 750 790 Corinth.
772 751 801 805 p.
821 733 892 789 545.
915 730 1033 789 Seheef.
1055 731 1114 790 hoo
1135 724 1262 790 verbum
1284 731 1367 790 inter

186 835 291 894 Ionios
312 833 379 893 iure
400 832 563 907 rettulerit,
589 832 758 911 Stephanus
781 831 826 910 (in
848 833 939 910 thes.)
968 851 1027 892 non
1058 832 1123 892 sine
1146 852 1234 893 eausa
1255 832 1288 892 in
1311 835 1365 893 du-

188 937 270 999 bium
291 936 421 999 vocavit.

622 1137 699 1224 §30
742 1138 927 1208 advertit.

269 1262 455 1326 Adverbium
478 1256 598 1331 ἀνακῶς
619 1261 809 1342 Thucydides
831 1262 912 1324 VIII
937 1266 1006 1336 102,
1031 1268 1068 1322 2ι
1098 1257 1146 1321 κα)
1178 1254 1231 1332 τάς
1253 1257 1307 1338 μὲν
1334 1259 1366 1322 ἐν

182 1361 301 1450 Ἀβύὸηι
324 1363 480 1426 ἑκκαίδεκα
496 1365 570 1434 ναῦς
589 1361 700 1424 ἔλαθον
720 1362 763 1444 (οἱ
783 1357 994 1443 Ἀθηναῖοι)“
1007 1366 1045 1442 ²),
1068 1360 1285 1444 προειρημένης
1307 1385 1364 1437 φν-

184 1473 276 1546 λακῆς
298 1471 340 1550 τῷ
361 1467 450 1548 φιλίῳ
473 1464 597 1548 ἐπίπλῳ,
631 1460 715 1536 ὅπως
737 1461 838 1526 αὐτῶν
860 1459 978 1537 ἀνακῶς
1001 1463 1127 1540 ἕξουσιν,
1161 1460 1199 1545 ἢν
1222 1463 1365 1526 ἐπιπλέω-

186 1590 233 1632 σιν
255 1576 293 1632 α1ι
314 1573 440 1633 Ionibue
454 1570 482 1648 ³)
509 1568 672 1646 sumpsisse
695 1570 826 1630 videtur.
869 1571 907 1629 In
932 1572 1084 1632 Herodoto
1103 1563 1188 1632 ¹onim
1209 1569 1366 1630 invenitur

185 1677 275 1748 124,
308 1680 365 1734 28:
396 1666 519 1742 ἀνακῶς
548 1669 622 1749 ἔχειν
652 1674 712 1730 τῶν
742 1669 915 1752 πορθμέων.
961 1674 1038 1733 VIII
1063 1679 1132 1748 109,
1156 1678 1214 1734 21:
1248 1665 1365 1752 σπόρον

185 1773 306 1846 ἀνακῶς
328 1773 425 1854 ἐχέτω,
447 1777 481 1836 in
504 1776 648 1853 HIppoor.
672 1777 709 1835 de
733 1776 845 1838 eernib.
869 1777 930 1836 vol.
951 1777 1041 1836 XXI.
1065 1798 1093 1855 p.
1118 1781 1188 1836 443.

186 1885 230 1943 De
263 1902 322 1962 que
353 1879 504 1940 sententie
533 1883 652 1939 tentum
690 1882 776 1938 abest
809 1884 844 1939 ut
873 1877 985 1939 Moeris
1017 1880 1059 1957 (p.
1083 1885 1131 1939 43.
1155 1878 1209 1957 P):
1232 1871 1365 1947 ἀνακῶς·

180 1978 332 2054 Ἀττικῶς,
357 1975 397 2052 ῶς
416 1977 544 2041 Πλάτων
566 1973 746 2057 ἀκοιμικός·
770 1977 822 2040 καὶ
844 2002 897 2051 τας
911 1975 1012 2060 θύρας
1028 1976 1146 2050 ἀνακῶς
1161 1977 1236 2057 ἔχων
1251 1978 1363 2061 (ἔχειν),

185 2083 254 2146 ἀντὶ
276 2088 330 2146 τοῦ
353 2081 496 2160 ἀσφαλῶς
518 2078 538 2161 ἢ
561 2085 761 2158 φολακτικῶς,
783 2085 893 2154 κοινῶς
912 2105 966 2144 nos
982 2085 1120 2162 deduoet,
1141 2090 1177 2145 ut
1192 2105 1259 2144 eum
1274 2085 1363 2145 rolde

184 2211 298 2250 errasse
321 2195 470 2269 putemus.
515 2190 604 2248 Petet
635 2187 715 2247 enim
746 2207 815 2246 eum
845 2206 905 2248 uno
935 2189 993 2247 hoe
1022 2188 1087 2248 loeo
1117 2186 1216 2246 nisum
1244 2180 1365 2256 ἀνακῶς

188 2293 305 2353 Atticae
328 2292 455 2353 dieleeto
478 2291 630 2352 addixisse
654 2295 684 2351 et
705 2292 762 2349 hee
783 2291 851 2368 ipse
873 2291 910 2350 de
933 2309 1022 2350 oeuse
1044 2311 1094 2359 τας
1118 2283 1219 2368 θύρας
1241 2309 1294 2367 pro
1317 2309 1365 2350 eo-

187 2416 247 2456 eus.
269 2397 348 2474 plur.
372 2395 529 2472 eeoepisse.
573 2398 617 2453 At
646 2413 711 2454 oum
743 2395 836 2454 verbe
865 2385 983 2463 ἀνακῶς
1005 2389 1090 2470 ἔχειν,
1121 2411 1197 2472 quee
1222 2389 1366 2467 ἐπιμελῶς

185 2495 301 2576 ἕχεινλ)
331 2501 461 2571 valeant,
493 2497 596 2577 utique
629 2496 805 2572 genetivum
826 2495 985 2574 requirent
997 2495 1025 2573 15)
1050 2494 1115 2571 (τῶς
1138 2488 1259 2574 θύρας),
1290 2514 1365 2555 ese

184 2601 295 2663 Dorico
326 2601 447 2660 homine
472 2600 579 2660 Dorioe
611 2601 741 2658 dieleoto
763 2598 881 2677 prolate
905 2619 969 2658 esse
991 2599 1143 2659 videntur.
1188 2597 1309 2658 Etenim
1331 2597 1365 2657 in

183 2707 241 2764 heo
272 2723 390 2784 quoque
420 2696 541 2771 ἀνακῶς
573 2701 706 2777 viguisse
737 2722 776 2761 ex
798 2701 936 2760 Eretieni
958 2702 1056 2776 glossa
1076 2700 1276 2776 intelligitur:
1305 2701 1365 2758 τῶν

184 2800 250 2885 παρ’
275 2797 462 2883 Ἱπποκράτει
484 2802 589 2876 λέξεων
612 2798 767 2884 σνναγοιγη
789 2826 818 2883 p.
838 2809 888 2863 66.
910 2805 1038 2864 Frenu:
1062 2795 1197 2872 ἀνακῶς·
1222 2799 1365 2878 ἐπιμελῶς

183 2906 235 2967 καὶ
258 2906 531 2988 περιφνλαγμένιος.
574 2905 634 2967 ἔστι
657 2903 688 2966 δὲ
710 2899 730 2983 ἡ
751 2903 827 2978 λέξις
850 2899 982 2986 Δαρική.
1029 2907 1115 2967 Hono
1137 2905 1363 2984 interpretatio-

182 3034 251 3073 nem
274 3013 386 3073 nollem
408 3013 579 3073 Meinelriur
603 3013 691 3090 (frag.
715 3031 789 3071 oom.
806 3011 910 3070 Greeo.
935 3008 1007 3070 edit.
1022 3009 1094 3068 min.
1112 3011 1135 3069 l.
1159 3029 1188 3087 p.
1205 3010 1289 3087 396.)
1313 3010 1365 3068 eb-

181 3115 310 3178 ieoisset.
355 3116 400 3175 cf.
424 3116 527 3176 Cobet.
551 3117 697 3178 Mnemon.
721 3115 756 3174 V.
781 3113 901 3192 (1856.)
924 3134 952 3191 p.
970 3116 1042 3172 204.

181 3218 354 3278 Marcellini
377 3223 477 3277 sutem
501 3218 602 3295 opinio
626 3217 694 3295 (vit.
720 3218 813 3276 Thue.
836 3217 931 3292 852.)
956 3209 1076 3285 ἀνακῶς
1099 3235 1163 3274 esse
1185 3215 1365 3275 voeabulum

182 3321 336 3398 poeticum
358 3342 375 3380 ιι
396 3339 470 3382 vero
494 3322 647 3380 abhorret.

267 3424 305 3483 In
329 3414 422 3492 ἕκάς
444 3421 582 3482 adverbii
604 3443 660 3483 usu
675 3423 849 3483 Herodotus
871 3421 987 3498 pariter
1009 3425 1100 3501 etque
1122 3421 1280 3492 Homerus,
1303 3423 1364 3478 tre-

182 3526 250 3602 gioi,
274 3526 384 3602 (Pinu,
407 3526 546 3603 Theoor.)
577 3527 682 3585 oreber
713 3532 759 3587 ost
787 3525 879 3604 idque
911 3523 997 3583 modo
1021 3525 1157 3583 absolute
1186 3523 1274 3582 modo
1297 3543 1364 3582 oum

251 3749 275 3813 1)
293 3749 445 3797 Blomfieldii
462 3750 566 3810 glossar.
586 3747 610 3794 in
630 3747 717 3795 Δεινὴ.
737 3747 804 3806 Sept.
823 3749 882 3795 392.
900 3743 1077 3811 (=3ee.1>)‚
1102 3746 1249 3806 Wosseling.
1266 3745 1297 3792 ad
1315 3745 1364 3790 He·

182 3835 234 3882 rod.
253 3835 302 3882 Vll
320 3839 364 3884 49.

250 3925 276 3982 2)
294 3923 355 3968 1.οοί
372 3936 472 3970 sensum
492 3920 588 3981 egregie
606 3918 750 3979 expleuerit
768 3918 844 3967 Stehl.

250 4009 276 4066 3)
294 4007 322 4054 V.
341 4003 456 4066 (Gregor.
475 4005 607 4070 Corinth),
626 4006 697 4051 Both.
716 4020 740 4065 p.
759 4005 800 4051 19.
834 4004 984 4051 Brueolrner.
1003 4018 1027 4063 p.
1048 4006 1086 4052 19.

249 4089 275 4148 4)
293 4093 323 4139 V.
341 4093 417 4140 sohel.
435 4093 466 4140 od
480 4093 557 4140 Thoe.
568 4094 583 4138 1.
598 4093 621 4150 l.‚
640 4083 781 4155 Ἡροδότου
795 4085 874 4149 λέξεις
892 4090 956 4138 edid.
971 4087 1048 4136 Stein.
1067 4087 1137 4152 (odit.
1150 4086 1242 4134 Herod.
1259 4091 1318 4132 tom.
1330 4086 1363 4133 Il.

199 4215 203 4224 .
223 4179 282 4226 449.
300 4192 339 4224 s..
359 4180 431 4228 1821.

180 4193 196 4238 p
249 4263 274 4327 5)
293 4177 332 4312 ci
349 4264 457 4323 Herod„
485 4266 561 4313 Thuo.
588 4266 605 4312 l.
630 4265 647 4312 l.
674 4278 695 4310 ο.
723 4277 743 4310 e.
787 4264 873 4310 Metth.
899 4261 942 4310 Gr.
969 4260 1013 4307 Gr.
1040 4260 1073 4308 11.
1101 4259 1191 4322 5348.
1222 4273 1246 4318 p.
1266 4259 1323 4306 821.
1344 4271 1364 4305 s.

180 4349 305 4407 Kuehner.
326 4348 369 4396 Gr.
389 4348 431 4397 Gr.
450 4351 482 4398 11.
502 4351 517 4419 5
535 4351 593 4398 419.
615 4353 636 4398 1.
656 4349 680 4396 b.
699 4363 722 4414 ρ.
744 4349 801 4401 325.
