3192 4902
697 1128 864 1222 llll.

254 1297 349 1356 Natus
364 1315 428 1356 sum
439 1295 585 1356 Osvaldus
595 1295 709 1356 Dionen
720 1317 746 1356 a.
759 1297 786 1361 d.
799 1295 887 1356 VIII.
897 1295 1032 1358 (Iollan.
1042 1295 1112 1354 anni
1123 1295 1373 1358 MDOOGLXIII.

189 1404 276 1475 patre
299 1399 429 1457 Haurioo
453 1404 546 1458 matre
569 1397 750 1458 Guilelmina
772 1417 788 1456 e
810 1403 898 1473 gente
914 1399 1039 1458 Richter
1055 1398 1242 1458 Mitteldorfii
1257 1399 1289 1457 in
1305 1399 1372 1460 vieo

190 1520 284 1577 prope
299 1501 495 1575 Stollborgam
518 1500 665 1560 Saxoniae
688 1501 829 1580 oppidum
851 1502 918 1561 silo.
952 1500 1056 1560 Fidem
1080 1501 1223 1576 profiteor
1246 1520 1373 1576 evange-

191 1604 287 1665 lioam.
331 1603 492 1682 Postquam
515 1602 681 1663 litterarum
703 1603 879 1665 rudimentis
893 1606 1025 1664 imbutus
1041 1605 1149 1662 realem
1167 1624 1255 1684 quam
1271 1606 1375 1665 dieunt

191 1707 320 1765 scholam
340 1725 394 1782 per
415 1707 548 1786 quinque
564 1726 657 1766 annos
672 1707 869 1787 frequentavi,
892 1707 923 1765 in
940 1707 1125 1786 gymnasium
1143 1707 1374 1778 Ohemnitiense,
1468 1737 1472 1752 ·

191 1807 238 1866 oui
260 1813 397 1885 praeerat
419 1809 572 1881 Wohlrab,
595 1815 732 1885 reoeptus
755 1830 828 1870 sum.
872 1812 961 1868 Anno
984 1811 1012 1869 h.
1037 1831 1060 1868 s.
1083 1809 1263 1868 LXXXIII.
1288 1811 1373 1868 teati-

192 1911 324 1968 monium
345 1911 525 1972 maturitatis
547 1912 671 1986 adeptus
694 1911 826 1986 Lipsiam
848 1910 1058 1985 transmigravi
1085 1911 1190 1970 studiis
1212 1911 1374 1987 philologis

194 2031 312 2086 operam
335 2017 506 2073 navaturus.
549 2013 596 2070 Ibi
619 2012 734 2072 scholas
750 2012 808 2072 adii
832 2033 904 2092 quas
920 2015 1089 2072 habuerunt
1108 2013 1166 2072 viri
1181 2012 1374 2071 illustrissimi

194 2117 230 2172 de
261 2115 377 2174 Bahder
406 2116 602 2173 Biedermann
634 2116 755 2174 Orosius
786 2115 905 2175 Curtius
927 2115 1076 2174 Drobisoh
1099 2116 1236 2174 Hanssen
1258 2113 1375 2172 Heinze

194 2195 379 2275 Hildebrand
396 2216 510 2291 Koegel
526 2217 628 2292 Lange
643 2215 763 2292 Lipsius
778 2216 891 2276 Masius
907 2217 1043 2276 Ribbeck
1060 2217 1184 2276 Richter
1196 2216 1374 2291 Struempell

195 2317 287 2393 Voigt
316 2319 511 2378 Waohsmuth
543 2319 699 2380 Windisoh
727 2320 842 2379 Wundt
863 2320 1006 2380 Zarnoke.
1049 2319 1208 2378 Praeterea
1229 2319 1372 2394 prosemi-

195 2420 270 2478 narii
293 2425 324 2480 et
345 2421 495 2480 seminarii
521 2421 596 2497 regii
618 2422 763 2497 philologi
787 2422 889 2499 Lipsio
912 2428 943 2482 et
964 2422 1130 2481 Ribbeakio
1153 2420 1373 2480 moderantibus

192 2542 246 2600 per
276 2523 346 2581 bina
375 2524 527 2584 semestris
556 2524 664 2583 sodalis
695 2525 738 2584 fui
770 2513 944 2597 ordinarius,
976 2525 1125 2584 seminarii
1149 2523 1315 2584 Germanioi
1339 2524 1375 2582 de

193 2627 319 2684 Babderi
343 2632 374 2687 et
388 2627 527 2686 Zarnokii
550 2645 604 2702 per
625 2626 683 2686 tria
705 2627 860 2687 semestris
882 2625 1144 2699 extraordinarius,
1169 2625 1375 2703 paedagogiois

194 2727 458 2789 exercitationibus
487 2729 629 2789 Riohtero
658 2730 794 2805 praeside
809 2728 811 2732 ’
825 2748 879 2805 per
910 2731 967 2788 duo
991 2729 1143 2789 semestris
1164 2727 1304 2800 interfui;
1343 2727 1375 2784 in

194 2831 352 2905 philologis
375 2833 564 2892 sooietatibus
587 2831 682 2908 Lipsii
714 2851 768 2908 per
797 2807 1002 2905 duos'annos,
1033 2831 1192 2891 Ribbeekii
1214 2834 1244 2889 et
1266 2828 1375 2887 Rohdii

194 2951 247 3006 per
270 2933 339 2990 anni
363 2933 516 2991 dimidium
537 2933 569 2990 in
592 2933 706 2992 litteras
728 2933 860 2993 inaubui.

233 3033 235 3037 ’
260 3033 404 3092 Omnibus
442 3035 490 3093 his
522 3035 595 3094 viris
628 3034 805 3094 doetissimis
843 3036 953 3108 gratias
984 3054 1058 3110 ago,
1099 3035 1245 3112 imprimis
1276 3038 1374 3093 autem

195 3136 297 3211 Lipsio
320 3137 505 3212 praeceptori
527 3136 817 3210 benevolentissImo,
849 3155 938 3215 quem
960 3140 1009 3215 pie
1032 3139 1128 3198 oolere
1151 3156 1303 3216 nunquam
1326 3135 1375 3193 de-

195 3237 307 3298 alatam.

433 4369 597 4414 Frommannsehe
610 4375 767 4416 Bnohdruoksrei
782 4373 890 4428 (Hermann
903 4375 976 4428 Pohle)
989 4373 1046 4416 lara.
1059 4395 1086 4405 -
1099 4375 1137 4418 588

410 4574 1134 4840 ΛΜ
