3192 4902
686 215 899 286 ..54-

204 395 317 458 Eodem
340 398 455 468 mendo,
488 395 565 473 quod
589 412 677 472 quarn
700 391 787 452 facile
809 394 941 468 irrepere
970 390 1102 467 potuerit
1124 391 1217 451 Stahl.
1239 389 1271 450 in
1294 390 1385 450 adno-

204 501 318 562 tatione
340 500 442 559 critica
464 496 682 568 adThuc.18,
702 500 715 553 1
735 496 873 567 ostendit,
896 497 988 554 Isocr.
1004 494 1093 552 XIX.
1110 498 1150 552 24
1173 493 1241 553 libri
1258 494 1386 554 deterio-

205 622 253 663 res
274 603 386 663 foedati
409 605 486 662 sunt.

291 724 338 782 Ad
361 727 526 782 extremum
550 713 729 799 ἀρέσκεσθαί
752 738 807 777 τινι
831 718 989 790 „delectari
1012 717 1176 795 aliquare,
1199 718 1386 796 (contentum

206 847 270 888 esse
299 827 399 906 aliqua
426 825 490 902 re)“
520 843 559 881 ex
590 824 743 882 Herodoto
773 831 804 881 et
831 821 1003 898 Thucydide
1033 821 1195 880 notandum
1227 839 1291 878 esse
1314 819 1386 877 mihi

206 929 373 1006 videtur1)‚
405 928 462 986 nisi
494 927 573 986 forte
604 945 621 984 e
651 926 757 984 ceteris
788 924 983 1000 scriptoribus
1013 924 1122 984 Atticis
1151 924 1209 981 alia
1237 923 1388 982 ministras

207 1032 344 1107 exempla
357 1035 446 1109 atquc
461 1029 535 1088 illud
546 1029 686 1088 Ps-Plat.
697 1027 806 1102 Theag.
824 1047 852 1102 p.
871 1029 936 1086 127.
954 1028 994 1085 B:
1017 1023 1044 1084 εί
1063 1013 1151 1094 οὗτος
1172 1018 1328 1102 ἀρέσκοιτο
1351 1025 1388 1107 τῇ

207 1134 245 1215 σῇ
267 1131 462 1214 συνουσίμί).
508 1131 587 1190 Loco
617 1132 680 1188 eius
703 1124 840 1204 ἀρέσκειν
862 1126 934 1201 τινί,
963 1121 1030 1187 τινό
1052 1131 1131 1204 apud
1155 1149 1205 1187 eos
1226 1129 1388 1187 invaluisse

208 1235 362 1314 opinor³).
395 1235 492 1309 Igitur
514 1238 585 1293 note
608 1233 721 1292 Herod.
739 1233 857 1303 11134,
876 1236 931 1290 19:
959 1231 1089 1306 Κροῖσος
1111 1222 1166 1289 οάκ
1190 1222 1389 1307 ἀρεσκόμενος

209 1339 245 1420 τῇ
267 1336 361 1418 κρίσει
384 1327 457 1395 είπε.
488 1336 600 1409 IV78,
621 1340 672 1394 13:
696 1332 794 1416 διαίτη
818 1328 959 1408 οὐδαμῶς
981 1328 1124 1409 ἠρέσκετο
1149 1334 1300 1415 Σκυθικῇ.
1327 1333 1389 1393 VII

211 1445 280 1513 160,
299 1445 353 1500 14:
374 1431 506 1498 τοότοισι
528 1429 621 1513 όμέας
642 1429 728 1513 χρεόν
743 1433 804 1495 ἔστι
818 1427 1000 1514 ἀρέσκεσθαι
1015 1439 1070 1516 (Rz
1089 1429 1260 1515 ἀρκέεσθαι,
1275 1438 1310 1496 de
1328 1457 1389 1516 quo

208 1563 237 1602 ν.
261 1539 428 1619 Volebam).
463 1542 510 1600 IX
527 1547 577 1615 66,
594 1545 627 1602 5;
650 1537 770 1616 ἐποίησε
800 1532 892 1610 αάτός
921 1532 1033 1600 τοιόδε·
1050 1531 1091 1608 cic
1113 1531 1169 1598 οάκ
1192 1531 1391 1617 ἀρεσκόμενος

210 1647 286 1703 τοῖσι
308 1637 460 1724 πρήγμασι
483 1646 559 1703 τοῖσι
581 1640 613 1702 έκ
636 1640 818 1717 Μαρδονίου
841 1640 1055 1719 ποιονμένοισι.
1087 1644 1131 1704 cf.
1149 1651 1199 1716 66,
1216 1650 1244 1716 2.
1268 1643 1391 1702 Thucl

212 1751 281 1820 129,
299 1752 334 1806 3:
356 1747 418 1815 τοῖς
439 1740 538 1825 λόγοις
560 1748 623 1814 τοῖς
645 1737 706 1804 ἀπό
729 1745 784 1804 σοῦ
808 1737 981 1823 ἀρέσκομαι.
1010 1749 1042 1806 II
1059 1752 1110 1820 68,
1128 1753 1162 1806 3:
1187 1738 1242 1805 οὐκ
1264 1738 1390 1823 ἀρεσκό-

210 1826 297 1925 μενος
324 1850 361 1931 τῇ
384 1845 416 1908 έν
429 1840 533 1928 ’Ἀργει
554 1841 729 1907 καταστάσει
747 1842 947 1925 Ἀμφίλοχος.
966 1893 972 1907 .
992 1893 999 1908 .
1031 1850 1107 1908 VIII
1124 1855 1173 1921 84,
1191 1853 1225 1909 d:
1249 1839 1267 1907 ό
1289 1844 1390 1923 μέντοι

212 1949 308 2028 Λίχας
331 1943 400 2010 οότε
421 1944 562 2030 ἠρέσκετο
586 1943 688 2022 ου’τοῖς
703 1998 711 2012 .
728 1997 760 2011 ,.

211 2055 281 2114 Ηιισ
312 2055 465 2131 pertinent
496 2055 584 2114 etiam
609 2055 701 2116 Τίτου.
718 2058 801 2129 135,
818 2062 853 2114 2:
880 2051 992 2132 εἷ’ρηται
1023 2052 1055 2114 έν
1076 2049 1181 2123 αὐταῖς
1203 2057 1279 2129 (ταῖς
1300 2070 1392 2113 σπον-

212 2156 291 2236 δαῖς)
322 2157 381 2214 τῶν
406 2148 580 2233 Ἑλληνίδων
607 2151 722 2217 πόλεων
750 2152 816 2233 ἥτις
847 2155 987 2232 μηδαμοῦ
1016 2156 1168 2235 ξυμμαχεῖ,
1192 2154 1298 2228 ἐξεῖναι
1321 2151 1391 2234 παρ’

212 2250 375 2336 ὁποτέρους
397 2251 434 2317 ἀν
456 2253 616 2338 ἀρέσκηται
640 2256 738 2318 ἐλθεῖν
750 2260 790 2336 4).
826 2260 896 2333 v4,
912 2265 946 2320 4:
969 2253 1024 2336 τήν
1045 2255 1132 2319 πόλιν
1155 2255 1324 2330 ἐκλιπόντες
1339 2259 1390 2320 καί

212 2355 416 2440 ἐρημώσαντες
443 2359 641 2441 Συρακούσας
670 2358 719 2421 ent
747 2361 877 2444 πολιτεία
909 2354 1037 2440 ρ’ίκησαν.
1076 2360 1127 2422 καί
1157 2357 1280 2441 ὕστερον
1302 2356 1392 2423 πόλιν

211 2457 312 2522 αὐτῶν
333 2483 410 2533 τινες
432 2458 482 2524 dcci
506 2459 538 2524 τό
562 2457 602 2542 μὴ
626 2458 807 2544 ἀρέσκεσθαι
829 2458 1027 2536 ἀπολιπόντες
1049 2463 1081 2525 έκ
1104 2468 1162 2526 τῶν
1185 2470 1393 2546 Συρακουσῶν

213 2566 354 2638 Φωκαίας
375 2559 661 2648 καταλαμβάνουσιν.
705 2570 755 2642 87,
771 2573 807 2628 4:
830 2561 1010 2644 ἀφικόμενοι
1036 2564 1068 2628 δέ
1091 2567 1123 2628 οί
1144 2566 1270 2629 Βοιωτοί
1295 2565 1392 2649 ἀπήγ-

211 2673 308 2751 γειλαν
330 2674 394 2742 τοῖς
418 2664 616 2750 βοιωτάρχαις
636 2665 674 2732 κά
696 2691 726 2730 τε
749 2668 782 2730 έκ
804 2673 858 2748 τῆς
872 2669 1101 2747 Λακεδαίμονος
1123 2669 1174 2732 καί
1197 2665 1234 2733 roi
1257 2665 1318 2732 ἀπό
1333 2675 1394 2732 τῶν

211 2770 432 2853 ξυγγενομένοιν
454 2766 615 2853 Ἀργείων·
647 2772 698 2834 καί
727 2772 759 2833 oi
782 2767 962 2852 βοιωτάρχαι
985 2768 1148 2851 ἠρέσκουτό
1171 2773 1271 2834 τεκαὶ
1295 2777 1393 2857 πολλῷ

213 2869 441 2956 προθυμότεροι
471 2863 557 2952 ἦσαν.
615 2877 730 2940 Quibus
760 2877 835 2937 loeis
864 2896 903 2936 ex
930 2880 1174 2939 antecedentibus
1205 2881 1293 2941 facile
1325 2882 1392 2939 sub-

211 2980 329 3038 auditur
359 2982 390 3039 et
416 2980 515 3056 priore
546 2979 665 3057 quidem
697 2979 738 3059 τῷ
763 2973 962 3055 Συρακούσας
993 2979 1087 3040 οἰκεῖν
1109 2983 1201 3042 altero
1224 2984 1288 3051 τοῖς
1309 3001 1339 3039 τε
1360 2979 1392 3041 έκ

210 3082 262 3157 τῆς
278 3078 506 3156 Λακεδαίμονος
528 3075 576 3139 καί
601 3083 662 3150 τοῖς
684 3074 745 3140 ἀπό
769 3082 827 3139 τόν
842 3077 1219 3164 ξυγγενομένοινἈργείαυ
1233 3076 1392 3164 (ἀπηγγελ-

213 3180 335 3262 μένοις).

297 3287 531 3363 Esoriptoriqus
546 3287 721 3347 recentioris
736 3290 842 3350 aetatis
857 3291 994 3365 exempla
1009 3292 1200 3367 suppeditant
1214 3292 1394 3352 Valckenar.

210 3391 549 3462 adHerod.V11160,
580 3391 676 3451 Sturz.
708 3392 739 3449 in
761 3392 859 3452 indico
882 3394 961 3452 Cass.
984 3393 1021 3453 D.
1045 3394 1213 3468 graecitatis
1236 3399 1266 3454 et
1287 3394 1318 3451 in
1341 3395 1392 3452 ad·

212 3494 367 3554 notatione
388 3495 426 3551 ed
447 3494 528 3552 Cass.
544 3495 580 3556 D.
596 3493 754 3555 XXXVII
771 3500 819 3572 51,
836 3499 854 3552 2
878 3495 950 3572 (vol.
963 3497 999 3557 V.
1015 3517 1043 3574 p.
1062 3497 1156 3570 163.)

280 3745 306 3816 1)
324 3749 355 3796 V.
374 3747 494 3808 Krceger.
521 3749 552 3796 ad
570 3749 647 3799 Thur.
664 3749 720 3796 V4
745 3751 837 3798 Herod.
850 3753 886 3800 IV
900 3751 930 3798 78
955 3751 1104 3799 Valckenar.
1124 3751 1155 3797 ud
1173 3751 1265 3798 Herod.
1281 3751 1329 3799 Vll
1345 3753 1393 3800 160

211 3835 297 3883 αιτιοι.
317 3833 361 3882 ar.
375 3832 418 3882 σε.
432 3835 464 3882 11.
476 3835 491 3896 s
504 3837 564 3883 ιιι.
578 3837 602 3883 ι.
616 3837 639 3882 r.

280 3935 306 4002 8)
323 3937 363 3985 Ab
387 3939 434 3985 boc
459 3938 541 3986 differt
564 3938 741 4000 8ομ1ι.Δο11ς.
761 3939 825 3988 eoo:
844 3935 894 3990 τῶν
914 3936 965 3990 σῶν
984 3931 1064 4004 λόγωι
1080 3935 1092 4006 Η
1112 3931 1220 4001 ἀρεστόν
1238 3931 1311 3990 ου’δὲν
1332 3931 1394 4012 μηδ’

210 4016 335 4088 ἀρεσθείη
352 4019 422 4084 ποτέ,
450 4038 498 4082 quo
525 4025 580 4071 loco
604 4023 725 4070 librorum
749 4025 893 4072 memoriam
921 4016 1046 4089 ἀρεσθείη
1074 4025 1138 4074 bene
1163 4025 1288 4073 defensam
1307 4039 1395 4074 esses

210 4107 312 4157 Wolifio
329 4124 425 4157 censeo.
462 4109 500 4156 ef.
520 4109 593 4157 etiam
611 4109 684 4157 Nonii
703 4111 893 4159 adnotntIonem.

282 4213 308 4272 6)
326 4213 358 4259 V.
375 4213 501 4260 Kuehner.
521 4211 564 4259 Gr.
578 4211 623 4260 Gr.
634 4213 667 4260 11.
684 4214 769 4275 5409.
784 4217 808 4264 1.
822 4214 878 4261 adn.
893 4216 916 4260 1.
928 4229 952 4276 p.
968 4215 1024 4262 252.
1043 4215 1164 4277 Krueger.
1182 4214 1215 4262 ad
1234 4213 1312 4261 Thuc.
1325 4211 1354 4259 V.
1369 4215 1393 4262 4.

279 4315 307 4378 4)
328 4313 357 4361 V.
377 4313 488 4362 Classen.
507 4316 539 4362 ad
557 4315 582 4365 h.
595 4315 610 4362 l.
