3192 4902
717 249 931 332 „pon

234 417 402 496 niciosuouo
425 427 486 495 ἄιτό
509 437 568 495 toiv
590 429 761 515 βαρβαρων.
805 430 847 507 ὣς
877 430 909 494 δὲ
940 430 989 494 noi
1014 429 1046 492 οἱ
1066 425 1146 492 ἄλλοι
1167 429 1199 493 οἱ
1218 421 1273 508 τὴν
1298 421 1416 511 Παλλή-

236 560 290 615 νην
313 536 434 616 ἔχοντες.
470 540 519 599 IX
536 544 585 613 35,
604 546 646 600 l:-
663 536 694 598 cI
712 531 839 616 Ἀργεῖοι
861 530 1070 614 ἀπειληθέντες
1093 533 1123 606 ἔς
1145 529 1260 596 στεινόν
1282 533 1416 596 καταινέ-

235 657 301 702 ουσι
322 639 372 700 καὶ
395 644 497 702 ταῦτα.
543 635 584 711 oie
607 637 638 700 δὲ
660 637 709 700 eci
733 643 921 718 Σπαρτιῆται
943 634 1063 709 πάντας
1085 632 1266 718 συνεχώρεόν
1288 637 1321 698 οἱ
1332 635 1371 717 ¹).

320 744 376 804 Sed
407 745 559 822 paulisper
589 747 624 803 sd
647 744 828 821 Thucydidis
855 744 951 803 locum
975 747 1166 803 revertamur.
1212 742 1308 805 Quem
1329 762 1347 800 a
1369 761 1416 800 mc

235 848 356 907 omnino
389 868 448 907 nou
484 847 583 906 offerri
617 848 766 924 oportuit,
800 846 824 904 si
854 866 925 906 vera
955 849 1000 905 est
1030 845 1158 904 Goelleri
1193 850 1225 905 et
1256 845 1415 904 Fritzschii

236 950 392 1028 (,Qusestt.
407 951 540 1010 Lucien.‘
555 971 583 1027 p.
596 952 680 1025 199.)
699 949 817 1026 opinio:
833 950 948 1008 minore
963 947 1206 1024 interpunctione
1221 955 1291 1008 onte
1310 939 1351 1018 αἱς
1363 968 1417 1024 po-

235 1054 293 1112 site
315 1043 356 1121 ὥς
376 1053 507 1113 relativo
527 1073 615 1112 sensu
637 1051 868 1128 intellegendum
891 1070 955 1110 esse
968 1048 1007 1128 2).
1040 1054 1083 1110 At
1105 1057 1250 1109 oratorem
1273 1051 1359 1109 illum
1374 1083 1416 1094 -

237 1156 273 1213 de
288 1155 407 1216 Cleonis
429 1156 508 1214 enim
531 1156 674 1228 oratione,
698 1174 757 1214 non
781 1156 816 1213 de
840 1154 1037 1230 descriptione
1060 1172 1157 1212 rerum
1181 1157 1330 1228 gestarum
1354 1153 1417 1228 egi-

235 1278 300 1318 mus
322 1289 364 1300 -
386 1257 486 1338 alique
509 1278 574 1318 cum
597 1259 627 1318 vi
651 1263 681 1317 et
704 1258 785 1318 vocis
807 1256 975 1318 intentione
997 1255 1172 1334 perticulam
1197 1248 1239 1324 dio
1261 1255 1419 1332 pronunti·

237 1365 337 1420 antem
369 1359 558 1437 Thucydides
588 1360 666 1419 haud
697 1360 785 1419 dubie
807 1360 907 1419 finxit.
950 1359 1037 1417 Hunc
1070 1364 1169 1418 autem
1198 1359 1273 1417 vim'
1290 1358 1416 1418 relativo

236 1453 277 1530 cic
298 1463 375 1522 effici
401 1482 483 1538 nego
506 1482 572 1522 cum
595 1463 744 1522 Ellendtio
768 1462 867 1539 (lexic.
891 1461 982 1538 Soph.
1004 1481 1034 1537 p.
1052 1462 1161 1537 8013).
1185 1481 1300 1535 ‚„‚cum
1323 1460 1415 1536 signi·

237 1564 374 1624 ficantius
404 1584 467 1625 esee
493 1585 553 1624 non
575 1565 683 1641 possit,
718 1567 797 1645 quod
827 1564 979 1624 vinculum
1010 1564 1223 1624 sententiarum
1254 1581 1334 1622 mere
1357 1564 1419 1622 dic·

236 1668 373 1728 lecticum
395 1674 426 1728 ot
447 1669 570 1728 formale
593 1672 674 1728 est“:
706 1687 797 1747 quare
828 1668 921 1727 sicubi
952 1667 1008 1740 hie,
1040 1667 1100 1741 ille,
1130 1667 1207 1740 telis,
1230 1672 1339 1740 tentus,
1361 1668 1419 1725 hoo

237 1771 324 1828 modo
355 1791 420 1830 oum
451 1770 482 1828 vi
504 1771 725 1846 pronuntianda
747 1778 832 1843 sunt,
862 1770 1015 1844 subrogari
1040 1770 1106 1848 qui,
1138 1769 1249 1848 qualis,
1281 1775 1419 1848 quantus,

239 1875 386 1951 quomodo
417 1874 538 1932 minime
565 1877 720 1950 possunt.“
774 1871 872 1937 Quid?
903 1872 982 1952 quod
1013 1873 1190 1947 pronomine
1219 1871 1419 1949 adverbioquc

238 1975 371 2048 relativo,
394 1996 459 2036 oum
482 1976 589 2036 vocula
611 1962 667 2034 οὖν
689 1975 888 2055 subsequitur,
918 1994 1039 2050 prorsus
1061 1974 1148 2032 aliam
1172 1974 1419 2049 significationem

239 2077 362 2136 induere
386 2078 482 2136 solent
504 2096 537 2137 ac
560 2098 635 2158 quae
658 2079 688 2136 in
712 2080 792 2136 hunc
814 2078 911 2137 locum
937 2076 1096 2137 convenit?
1137 2078 1174 2137 V.
1199 2078 1344 2150 Krueger.
1368 2076 1419 2137 Gr.

242 2179 291 2238 Gr.
314 2180 340 2238 Ι.
364 2184 413 2240 51.
437 2184 486 2240 15.
509 2186 537 2240 4.
559 2215 601 2224 —
624 2183 649 2239 E
672 2181 789 2240 Krohlii
821 2181 856 2238 de
886 2180 943 2239 hoo
974 2180 1039 2239 loco
1072 2180 1273 2256 disputatione
1298 2178 1419 2257 (Ωιταε-

240 2281 369 2340 stionum
392 2283 648 2361 Thucydidearum
672 2283 792 2359 specim.
809 2284 834 2341 I‘
857 2302 885 2359 p.
903 2280 953 2360 7.),
986 2302 1045 2361 qua
1068 2283 1330 2342 demonstrativum
1353 2301 1419 2356 par·
1455 2271 1487 2340 ‚⁸

240 2384 347 2443 ticulce
369 2384 429 2444 vim
453 2390 556 2445 contre
579 2386 774 2445 Fritzschium
798 2385 875 2445 tueri
900 2386 1027 2444 studuit:
1050 2385 1217 2459 ,Fritzschii
1240 2385 1418 2460 interpreto-

238 2486 329 2544 tionis
350 2487 505 2560 rationem,
528 2489 583 2547 etsi
607 2508 666 2546 non
689 2489 777 2564 plene
799 2488 956 2548 abicienda
979 2488 1026 2560 sit,
1048 2492 1146 2547 tumn
1163 2487 1251 2563 paulo
1268 2467 1417 2546 duriorem

239 2607 302 2648 esso
325 2609 413 2668 quem
436 2597 469 2651 ut
491 2591 628 2650 omnibus
650 2591 723 2651 locis
746 2592 840 2668 possit
854 2592 961 2668 aptsri‘
984 2594 1097 2670 certum
1113 2590 1227 2649 luorum
1243 2590 1340 2674 Iacere
1356 2609 1416 2648 non

238 2692 322 2767 potui
333 2689 373 2769 ³).

239 2795 459 2855 Posterioribus
490 2797 674 2873 temporibus
703 2796 964 2857 demonstrativam
991 2796 1127 2857 vocabuli
1153 2788 1194 2864 dg
1216 2795 1279 2858 vim
1302 2796 1338 2853 ab
1362 2797 1419 2852 Ar-

239 2896 322 2955 riano
345 2905 516 2959 rcnovstum
533 2918 597 2958 esse
613 2900 816 2960 Grundmunu.
832 2919 862 2975 p.
879 2904 929 2958 61.
951 2899 1096 2960 Boehner.
1113 2919 1141 2975 p.
1159 2904 1198 2957 bb
1215 2899 1418 2958 ostenderunt.

326 2999 378 3057 De
401 3001 792 3078 praepositionibus.

282 3103 392 3176 Legem
410 3104 639 3178 grammaticam,
662 3124 700 3162 ex
719 3123 778 3184 quc
794 3105 886 3164 Attici
909 3105 1067 3181 scriptores
1090 3103 1203 3164 classici
1225 3103 1421 3180 praepositio·

239 3224 307 3263 nem
330 3201 379 3263 ἐπί
401 3225 467 3265 cum
491 3207 590 3266 dativo
612 3208 749 3267 vocabuli
777 3213 895 3283 tempus
916 3208 1036 3287 aliquod
1059 3208 1191 3268 notantis
1214 3227 1273 3265 non
1296 3207 1420 3266 coniun-

239 3313 357 3380 xerunt,
390 3311 550 3368 secundum
574 3310 707 3369 codicum
729 3311 901 3370 memoriam
925 3310 1113 3388 Thucydides
1135 3329 1195 3368 non
1218 3309 1321 3386 explet
1342 3309 1420 3368 VIII

241 3415 290 3483 68,
307 3416 343 3469 4:
370 3404 499 3486 χαλεπόν
529 3399 568 3487 ἦν
590 3405 642 3471 τᾶν
659 3405 834 3488 Ἀθηναίων
857 3410 955 3489 δῆμον
977 3405 1022 3472 ἐπ’
1044 3409 1100 3471 ἔτει
1123 3408 1273 3493 ἑκατοστῷ
1295 3407 1420 3487 μα’λιστα

240 3504 342 3588 ἐπειδὴ
365 3511 396 3571 οἱ
415 3506 556 3591 τύραννοι
578 3509 784 3592 κατελύθησαν
807 3512 979 3593 ἐλευθερίας
1000 3517 1122 3575 παῦσαι.
1157 3515 1243 3579 Quod
1266 3519 1420 3591 peccatum

239 3666 443 3678 —-—.--—.

309 3751 333 3818 1)
351 3755 473 3815 Exempla
500 3753 609 3802 eiusdem
634 3756 731 3816 generis
755 3755 895 3804 Herodotus
921 3761 994 3816 utque
1019 3757 1083 3808 Plct.
1102 3757 1169 3804 Prot.
1188 3767 1214 3816 p:
1233 3755 1291 3804 326.
1313 3753 1337 3800 D
1364 3753 1422 3813 Rpl.

221 3851 224 3857 “
241 3856 263 3901 p.
278 3843 335 3890 oco.
347 3842 370 3887 D
388 3841 503 3900 Krneger
515 3839 559 3887 Gr.
575 3838 618 3886 Gr.
632 3841 664 3888 11.
679 3843 719 3890 tt.
733 3845 746 3888 1
766 3834 876 3901 praebet.

309 3925 335 3988 2)
353 3927 382 3973 V.
395 3940 458 3985 quos
475 3927 505 3974 dc
524 3926 570 3973 hnc
589 3940 636 3973 usu
647 3927 733 3974 Mctth.
748 3925 791 3972 Gr.
804 3926 847 3973 Gr.
859 3927 890 3974 11.
903 3928 918 3988 ξ
931 3929 988 3976 m.
1007 3926 1127 3974 Kuohner
1137 3925 1181 3972 Gr.
1195 3925 1238 3973 Gr.
1251 3927 1283 3973 11.
1297 3941 1320 3988 p.
1334 3927 1392 3974 561.
1406 3929 1421 3974 2

241 4012 437 4073 disputaverunt.
473 4012 562 4073 (Miror
589 4012 716 4060 Kuehneri
741 4011 947 4072 inconstantium,
974 4014 1016 4072 qui
1035 4012 1077 4060 Gr.
1098 4010 1142 4058 Gr.
1161 4013 1181 4059 1.
1201 4012 1216 4072 ξ
1238 4012 1295 4060 179.
1319 4012 1375 4058 adn.
1397 4014 1420 4060 5.

240 4113 265 4158 p.
279 4099 337 4146 476.
354 4097 579 4157 demonstrativum,
597 4097 727 4158 11.§bdl.
742 4101 764 4146 2.
778 4099 872 4147 adut.
891 4113 914 4160 p.
929 4100 988 4147 elo.
1016 4095 1145 4146 relativum
1173 4097 1224 4145 vim
1250 4097 1276 4143 in
1301 4097 1423 4156 porticula

242 4173 279 4240 αἷς
297 4184 374 4233 Thuo.
387 4185 405 4232 1.
419 4185 437 4233 l.
455 4184 535 4232 inesse
553 4185 703 4245 contendet).

310 4266 335 4333 3)
350 4257 422 4329 Ὧδ’,
446 4270 513 4328 quod
531 4270 618 4331 Poppn
637 4267 672 4335 (in
692 4269 806 4330 scriptur.
827 4270 933 4330 dIsorep.
952 4270 984 4316 ad
1003 4267 1079 4315 'l'huc
1093 4269 1109 4316 l.
1124 4269 1140 4316 l.
1161 4268 1218 4316 edit.
1237 4266 1305 4332 mci.)
1322 4281 1367 4328 pro
1385 4258 1423 4328 ὥς

242 4353 318 4408 scribi
336 4355 423 4414 voluit,
442 4360 527 4417 postes
542 4357 596 4417 ipse
614 4355 713 4404 videtur
730 4356 833 4405 missum
851 4355 947 4406 secisse.
