3192 4902
679 235 892 308 „35ss

194 420 270 481 ticos
299 416 572 497 frequentissimum
600 422 663 492 est,
701 419 804 476 eodem
835 416 1005 492 significatu
1032 415 1202 493 usurpavit,
1230 409 1377 495 καθήκειν

195 530 295 583 autem
318 523 409 582 verbo
431 520 628 600 principalem
650 519 897 595 significationem
919 519 1032 598 ubique
1053 520 1187 599 reliquit.

284 612 496 698 Καταβοᾶν
517 623 602 682 verbi
625 622 802 698 significatio
822 622 1008 700 ,clamoribus
1022 623 1189 682 insectandi
1204 624 1378 684 invehendi‘

195 730 277 789 intre
299 726 445 786 Herodoti
475 731 506 785 et
526 724 710 804 Thucydidis
741 725 906 784 orationem
928 725 1092 784 cohibetur.
1135 728 1184 784 Ita
1206 727 1377 788 Herodotus

195 831 317 908 scripsit
340 831 384 888 VI
408 833 457 902 85,
482 833 517 887 2:
542 825 676 903 ἔτιεμιτον
698 825 729 897 ἒς
752 822 898 905 Σπάρτην
920 818 1060 905 ἀγγέλους
1082 826 1376 905 καταβωσομένους.

197 935 288 996 Thuc.
305 934 327 1010 I
350 935 400 1006 67,
426 935 460 991 1:
490 923 642 1006 κατεβόων
672 931 731 988 τοῖν
755 924 938 1005 Ἀθηναίων.
987 935 1054 1004 115,
1078 936 1114 990 2:
1146 927 1298 1008 κατεβόων
1318 935 1378 991 τοῖν

198 1036 334 1112 Σαμίων.
380 1035 405 1093 V
429 1039 480 1108 45,
503 1040 539 1093 4:
571 1025 761 1108 Ἀλκιβιάδου
790 1030 1000 1108 κἀταβοαῑντος
1029 1034 1090 1091 τῶν
1121 1031 1376 1109 Λακεδαιμονίων.

198 1141 297 1200 Aliam
319 1139 382 1198 vim
402 1137 471 1196 huie
491 1137 635 1195 vocabulo
655 1136 846 1195 subiecerunt
860 1136 1019 1211 Sophocles
1034 1137 1080 1195 El.
1100 1137 1201 1197 1067:
1225 1125 1249 1195 ei
1269 1139 1378 1215 χθονλα

198 1241 331 1322 βροτοῖσι
354 1234 441 1316 φάμα
463 1233 540 1298 κατοί
562 1259 613 1314 μοι
634 1233 748 1316 βόασον
770 1233 917 1322 οἰκτρᾶνλλ
935 1231 997 1297 όττα
1019 1242 1080 1309 τοῖς
1103 1232 1201 1318 ἔνερθ’
1214 1235 1379 1321 Ἀτρείδαις

199 1366 227 1424 q.
251 1365 275 1406 e.
308 1345 444 1417 ,clamore
475 1343 576 1418 perfer
604 1361 627 1401 s.
659 1342 766 1401 nuntie
794 1342 928 1415 Atridis‘,
957 1349 988 1401 et
1016 1341 1104 1401 aliem
1125 1344 1280 1421 Aristoph.
1303 1346 1378 1404 Ach.

199 1450 258 1508 711
284 1447 354 1526 (D):
378 1439 539 1521 κατεβόησε
561 1437 631 1502 d'e'io
652 1437 804 1523 κεκραγώς
825 1439 947 1514 τοξότας
969 1442 1145 1523 τρισχιλίους
1158 1473 1201 1497 =
1227 1447 1379 1507 clamando

199 1555 297 1610 autem
313 1553 344 1608 ot
358 1548 549 1608 vociferando
564 1553 735 1624 superasset
750 1547 970 1621 sagittariorum
986 1547 1044 1606 tria
1058 1547 1157 1622 milie;
1180 1550 1216 1607 cf.
1232 1549 1288 1629 Eq.
1301 1556 1379 1609 286:

198 1646 426 1728 καταβοήσομαι
447 1649 530 1727 βοοῖν
553 1666 584 1708 σε
605 1677 649 1700 =
671 1649 824 1710 clamando
847 1651 992 1726 superabo
1014 1655 1053 1708 te.

286 1755 447 1814 Occasione
470 1753 569 1813 oblata
591 1772 753 1813 memorare
774 1753 864 1812 liceat
886 1752 1092 1830 Thucydidem
1122 1755 1265 1813 vocabulo
1292 1777 1379 1814 κατα·

199 1853 257 1935 βοή
282 1861 297 1917 I
321 1859 411 1931 73,1
457 1857 536 1916 VIII
560 1861 609 1928 85,
633 1863 651 1914 2
675 1857 730 1935 (=
752 1855 937 1931 criminatio,
971 1856 1151 1935 convicium)
1185 1857 1263 1915 VIII
1287 1858 1378 1931 87,3

199 1962 256 2041 (=
278 1980 387 2037 rumor,
413 1960 504 2037 fama)
534 1980 619 2018 usum
650 1980 668 2017 a
696 1959 843 2037 Dionysio
866 1959 963 2017 Helie.
987 1958 1073 2034 epist.
1096 1961 1133 2017 ed
1155 1966 1221 2020 Am.
1243 1960 1285 2020 ΙΙ.
1310 1981 1333 2020 c.
1351 1967 1379 2021 3.

201 2066 415 2143 reprehensum
438 2082 510 2135 esse,
533 2068 566 2120 ut
588 2082 664 2140 quae
685 2082 746 2122 vox
768 2061 859 2121 nimis
881 2062 999 2138 poetica
1021 2069 1108 2122 esset.
1147 2066 1189 2122 At
1211 2084 1264 2123 suo
1286 2065 1381 2142 ipsius

199 2168 299 2244 gladio
321 2188 353 2226 se
370 2166 530 2241 iugulavit,
553 2185 619 2224 eum
641 2157 776 2241 καταβοή
799 2165 831 2222 in
853 2169 913 2223 snt.
937 2167 973 2224 R.
990 2165 1154 2243 reciperet:
1175 2187 1205 2227 v.
1223 2167 1335 2244 Poppo.
1352 2172 1382 2226 et

202 2268 630 2345 Krueger.adThuc.173.
674 2267 773 2326 Secuti
795 2273 865 2327 sunt
886 2267 948 2345 elii,
978 2287 1104 2346 quorum
1125 2270 1271 2341 nonnulli,
1301 2270 1380 2330 Plut

202 2373 343 2433 Themist.
367 2373 395 2430 7.
419 2377 469 2434 23.
500 2371 604 2430 Periel.
632 2375 692 2429 14.
710 2416 716 2428 .
734 2414 761 2446 .,
790 2371 911 2430 Diodor.
936 2371 963 2430 V
988 2375 1036 2444 11,
1060 2377 1096 2445 2,
1128 2371 1272 2449 Appian,
1302 2373 1379 2433 Cass.

203 2477 239 2537 D.
262 2475 406 2536 XXXIX
430 2480 478 2547 59,
503 2480 521 2532 2
557 2474 649 2532 XLII
676 2479 722 2552 16,
746 2480 764 2531 2
788 2476 876 2533 etiam
899 2472 1052 2550 καταβοᾶν
1074 2482 1264 2535 renovarunt.

291 2585 316 2637 A
339 2582 430 2639 verbo
460 2579 685 2650 καταινεῑν,
716 2577 795 2656 quod
817 2576 909 2636 I'huc.
932 2576 978 2637 IV
1003 2580 1072 2649 122,
1096 2583 1132 2636 3:
1159 2570 1383 2657 Ἀριστώνυμος

202 2687 264 2754 τοῖς
295 2678 349 2756 μὲν
378 2673 517 2758 όλλοιςῑ)
547 2673 668 2764 κατῄνει
695 2684 809 2753 exstat,
839 2683 939 2738 utrum
968 2679 1078 2758 reliqui
1107 2680 1266 2757 scriptores
1287 2682 1384 2741 Attici

202 2783 327 2846 consilio
350 2783 559 2853 abstinuerint,
582 2803 620 2841 en
642 2784 720 2842 forte
742 2780 885 2841 acciderit
906 2786 940 2841 ut
962 2783 1042 2858 apud
1060 2801 1109 2840 eos
1131 2802 1191 2841 non
1208 2784 1383 2860 reperietur,

204 2892 364 2950 decernere
390 2907 450 2946 non
474 2887 577 2946 audeo.
622 2886 807 2944 Herodotum
839 2904 872 2944 eo
904 2886 1032 2959 gaudere
1062 2888 1180 2960 praeter
1209 2887 1384 2962 exemplca

204 2991 486 3066 Schweighaeusero
509 2993 650 3064 congesta
673 3009 711 3048 ex
734 2988 781 3047 his
804 2988 876 3047 locis
899 2988 1040 3064 patefiet:
1062 2988 1113 3046 III
1140 2993 1207 3062 144,
1228 2993 1263 3049 δι
1284 3010 1385 3048 καται-

205 3092 343 3162 νέσαντος
371 3089 420 3153 ἐστὶ
442 3087 575 3151 τούτοισι
593 3085 733 3150 Ὀτάνεω.
779 3092 824 3151 IV
848 3097 896 3164 80,
920 3096 975 3151 16:
998 3082 1016 3148 ό
1036 3083 1263 3168 Ὀκταμασάδης
1285 3115 1385 3152 καται-

205 3195 264 3257 νέει
285 3199 386 3255 ταῦτα.
432 3196 609 3269 78215.
643 3196 687 3254 VI
710 3201 759 3268 62,
794 3196 897 3266 7,13.
941 3195 1031 3270 Apud
1056 3199 1158 3270 poetas
1180 3195 1308 3268 tragicos
1329 3197 1385 3256 hoc

207 3301 382 3361 vocabulum
403 3299 453 3357 hic
475 3299 538 3357 illic
561 3298 802 3375 deprehenditur.

294 3404 489 3477 Κομιτεῖν,
521 3402 601 3481 quod
628 3403 707 3479 spud
736 3406 855 3478 poetas,
886 3399 1033 3475 imprimis
1062 3399 1190 3476 tragicos
1212 3401 1384 3475 increbruit,

206 3506 295 3566 etiam
317 3509 354 3565 ab
378 3504 489 3564 Herod.
513 3505 539 3565 V
563 3509 613 3575 41,
631 3510 666 3563 8:
689 3497 818 3579 φάμενοι
841 3495 938 3578 αὐτὴν
958 3499 1099 3578 κομπέειν
1118 3481 1225 3576 βόλλας,
1249 3504 1384 3583 Thucyd.

206 3610 251 3671 VI
284 3609 331 3682 17,
355 3613 392 3667 5:
422 3599 488 3665 οὐδ’
515 3598 633 3666 όττλῖται
664 3598 725 3665 οὔτ’
756 3603 879 3676 ἐκείνοις
909 3601 1010 3684 (εἰσὶν)
1039 3599 1165 3684 ὅσοιπερ
1198 3608 1386 3682 κομποῦνται

208 3705 322 3771 οὔτε..
354 3712 399 3771 IV
424 3715 492 3784 126,
524 3716 559 3772 6:
592 3707 624 3768 οἱ
649 3711 781 3768 τοιοῦτοι
812 3702 892 3785 όχλοι
921 3702 955 3767 τό
989 3700 1125 3786 α’νιλρεῖον
1157 3706 1385 3787 ἐπικομποῦσιν.

209 3816 284 3875 VIII
308 3820 356 3887 81,
382 3819 416 3872 3:
444 3804 613 3890 ὑπισχνεῖτο
643 3806 713 3870 τάδε
746 3807 867 3890 μέγιστα
898 3808 1073 3885 ἕττικομιιοῖν
1104 3804 1334 3889 ὅἈλκιβιοίδης
1356 3819 1387 3872 et

207 3917 423 3976 recentioribus
452 3916 647 3992 scriptoribus
675 3921 828 3992 receptum
858 3919 912 3974 est.
957 3913 1119 3974 Usitatiora
1141 3922 1212 3974 sunt
1242 3935 1307 3974 cum
1330 3915 1389 3974 alia

209 4025 271 4078 tum
295 4011 534 4091 ἀλαζονεύεσθαι.

294 4123 335 4182 Ut
357 4122 528 4182 Herodotus
549 4122 567 4180 I
591 4127 640 4194 59,
664 4126 721 4180 34:
745 4117 794 4179 ἐστὶ
816 4123 891 4180 τοῖσι
913 4120 1090 4179 κατεστεῶσι
1111 4116 1194 4194 ἔνεμε
1215 4111 1270 4195 τήν
1292 4113 1387 4180 πόλιν.

280 4350 306 4407 1)
325 4347 444 4394 Dctivurn
462 4344 542 4392 Stehl.
559 4345 613 4391 iure
631 4333 784 4405 proscribere
803 4349 826 4390 et
844 4343 1012 4391 accusetIvum
1030 4356 1158 4402 reposcere
1176 4343 1281 4389 videtur.

1186 4426 1226 4490 3*
