3192 4902
664 235 856 298 ..6,

91 399 99 407 ’
169 403 230 465 VII
253 411 281 479 4,
313 413 347 469 6:
379 398 539 482 ἐτετάχατο.
584 407 688 484 Neque
720 399 828 479 sipiano
858 428 923 466 oum
955 407 1105 466 Badhamo
1134 405 1249 466 Stahlic
1285 405 1353 466 eliis

171 509 278 583 corrigi
301 509 369 568 nolo
392 508 424 567 in
448 503 579 580 όφίκατο
598 509 722 581 11175,
748 517 782 568 6:
805 514 885 578 σῖτος
908 503 963 587 γόρ
987 504 1087 568 οὐκέτι
1111 495 1146 584 ἦν
1169 511 1209 590 τῷ
1232 525 1352 587 στρατο-

170 607 263 692 πέδῳ,
286 607 335 669 καλ
360 604 419 687 μήν
440 603 461 686 'i
484 604 554 686 όλλη
577 608 658 668 αἰκία
680 610 730 668 καὶ
755 604 774 686 ἡ
798 610 948 688 ἰσομοιρία
971 613 1030 670 τῶν
1044 613 1146 670 κακῶν
1164 606 1271 688 ἔχουσά
1287 634 1352 671 τινα

171 707 253 789 ὅμως
275 707 308 773 τό
332 707 404 790 perci
428 715 544 772 πολλῶν
566 707 709 788 κούφισιν
732 707 797 772 οὐδ’
821 708 861 782 ῶς
885 713 974 796 ῥᾳδία
999 712 1029 772 ἐν
1052 716 1091 794 τῷ
1109 708 1235 791 παρόντι
1252 707 1353 784 &6054-

169 819 241 888 ζετο,
265 809 359 886 όλλως
381 837 409 874 τε
431 812 482 875 καλ
507 808 567 875 ἇπό
592 815 658 886 οἵας
680 811 888 894 λαμπρότητος
910 815 959 875 καλ
978 810 1147 893 αὐχήματος
1163 819 1216 874 τοῦ
1232 811 1354 893 ττρῶτοα

171 916 201 989 ἐς
223 917 290 978 οἵαν
312 913 445 996 τελευτὴν
467 915 518 978 καὶ
540 914 735 995 ταπεινότητα
758 912 876 991 ἀφῖκτο.
923 921 990 980 Ηοο
1020 919 1071 998 qui
1102 921 1276 992 defenduut,
1304 925 1356 978 aut

171 1041 230 1080 non
260 1022 325 1082 sine
353 1023 530 1082 difficultate
562 1023 726 1081 subiectum
757 1016 789 1080 τό
813 1015 1013 1099 στρατόπεδον
1035 1022 1191 1097 cogitando
1214 1023 1356 1100 supplent

171 1131 235 1200 aut,
266 1145 341 1205 quoe
372 1125 579 1203 interpretatio
609 1126 699 1184 etiam
729 1125 856 1183 deterior
886 1131 939 1197 est,
975 1119 1084 1198 ἀφῖκτο
1115 1125 1354 1203 impersonaliter

171 1227 281 1287 dictum
305 1247 368 1286 esse
390 1228 511 1287 volunt:
540 1219 658 1303 αόχημα
688 1226 767 1286 enim
800 1248 859 1287 non
889 1247 975 1304 posse
1006 1226 1098 1286 tribui
1130 1227 1188 1286 nisi
1221 1226 1355 1304 personis

172 1330 256 1388 Stohl
278 1335 358 1390 recte
380 1330 542 1390 adnotavit.

256 1431 395 1514 Reliquis
416 1432 489 1494 locis
511 1433 699 1510 Thucydides
721 1433 892 1493 sollemnem
917 1432 1086 1492 declinandi
1109 1432 1253 1492 rationem
1277 1433 1355 1490 Atti·

173 1554 274 1595 corum
303 1542 422 1595 secutus
452 1540 512 1610 est,
543 1537 627 1595 velut
647 1536 693 1595 IV
717 1542 766 1610 32,
793 1541 827 1596 1:
866 1531 1033 1614 τεταγμένοι
1063 1521 1156 1611 ἦσαν,
1186 1539 1201 1593 Ι
1229 1539 1296 1609 114,
1322 1540 1355 1596 1;

173 1633 390 1716 διεφθαρμένοι
422 1635 509 1713 εἰσίν,
543 1657 640 1716 neque
672 1639 751 1697 enim
781 1639 832 1697 illa
860 1640 978 1716 saepius
1010 1658 1098 1718 quem
1127 1638 1216 1715 bisl)
1248 1637 1280 1694 in
1311 1642 1357 1697 tot

172 1739 348 1818 scriptorum
370 1741 572 1800 voluminibus
595 1741 758 1819 reperitur:
781 1741 857 1802 Plat.
881 1742 950 1820 Rpl.
967 1761 995 1817 p.
1015 1746 1074 1799 533
1099 1742 1141 1800 Β;
1166 1733 1355 1818 τετράφαται,

173 1843 313 1922 Xenoph.
338 1846 433 1902 Anah.
456 1844 501 1905 IV
526 1850 552 1915 8,
578 1850 611 1904 5:
635 1836 860 1919 ἀντιτετάχαται.
905 1843 941 1901 In
965 1843 1062 1902 titulis
1083 1843 1194 1903 Atticis
1216 1850 1285 1902 ante
1305 1865 1357 1901 an·

174 1965 242 2003 num
266 1946 401 2007 CCCCX.
424 1948 552 2006 exoratis
575 1967 639 2006 eam
661 1946 758 2005 tribus
780 1946 853 2004 locis
877 1954 1002 2018 exstare,
1026 1946 1134 2005 dehinc
1157 1946 1194 2004 ab
1216 1945 1254 2004 iis
1272 1965 1356 2022 pror-

175 2067 225 2106 sus
247 2051 350 2108 abesse
372 2050 465 2109 (lacer
485 2070 515 2127 p.
539 2055 611 2126 413,
633 2048 858 2107 Meisterhons²
885 2069 913 2125 p.
940 2053 997 2107 131
1024 2049 1268 2125 ostenderunt).

260 2151 432 2230 Inquirenti
457 2173 526 2210 num
550 2154 708 2212 verborum
732 2171 841 2226 genera
863 2153 920 2210 ulia
943 2153 1004 2210 sint
1026 2155 1102 2229 apud
1126 2152 1310 2210 Herodotum
1327 2160 1358 2210 et

177 2253 398 2330 Thucydidem,
429 2254 487 2314 alia
514 2255 593 2332 apud
615 2253 747 2332 reliquos
769 2255 928 2331 scriptores
953 2255 1067 2315 Atticos
1090 2258 1162 2314 haec
1184 2274 1357 2314 commemo·

177 2358 269 2415 randa
292 2376 354 2415 esse
377 2357 451 2416 mihi
473 2357 538 2416 viss
560 2364 637 2418 sunt.

261 2459 394 2518 Primum
417 2460 587 2520 Herodotus
617 2465 648 2519 at
676 2461 878 2537 Thucydides,
908 2482 924 2519 e
955 2460 1062 2539 quibus
1085 2480 1188 2534 nemo,
1217 2465 1360 2538 quantum

177 2562 247 2637 scio,
270 2568 329 2621 stat
351 2562 410 2622 nisi
432 2563 592 2640 Euripides
615 2564 702 2643 (frag.
724 2563 781 2622 ino.
806 2567 876 2623 904.
899 2583 928 2626 r.
959 2566 984 2622 7.
1007 2563 1046 2641 N)
1079 2569 1110 2622 et
1131 2563 1268 2622 nonnulli
1289 2545 1359 2620 scri·

249 2784 274 2850 t)
292 2787 331 2837 Cf.
350 2787 470 2847 Krusger.
490 2785 534 2836 Gr.
554 2785 596 2832 Gr.
616 2787 634 2832 1.
653 2787 668 2847 ᾖ
687 2788 728 2836 30.
747 2789 770 2834 2.
791 2789 814 2834 7.
833 2813 866 2821 -
884 2787 1005 2845 Exempla
1022 2791 1150 2845 poetarum
1169 2786 1318 2845 tragicorum
1337 2790 1361 2832 ct

179 2872 352 2933 Aristophanis
371 2872 512 2933 suppeditat
524 2871 609 2919 Gerth.
629 2872 789 2930 „Quaesticn
804 2873 834 2919 de
847 2871 956 2919 Graecae
968 2871 1108 2931 tragoediae
1121 2872 1245 2918 dialect0“
1259 2887 1283 2932 p.
1295 2875 1325 2920 36
1340 2887 1360 2918 s.

247 2956 272 3020 1)
290 2958 387 3005 Ionicos
413 2959 505 3005 formes
532 2957 658 3005 nominum
684 2958 854 3018 propriorum,
881 2971 944 3016 qnae
971 2957 996 3002 in
1024 2957 1169 3018 Thucydide
1194 2958 1360 3013 inveniuntur,

180 3056 255 3101 supro
272 3057 320 3089 non
339 3043 420 3102 attuli,
447 3044 564 3103 quoniam
591 3043 654 3091 alios
680 3057 777 3103 quoque
802 3043 935 3103 scriptores
953 3043 1085 3101 genuinam
1103 3043 1234 3090 dialectum
1252 3043 1288 3089 eis
1305 3042 1362 3089 reli·

180 3129 262 3187 quisse
280 3130 365 3175 Matth.
387 3128 429 3174 Gr.
450 3129 494 3177 Gr.
512 3131 531 3177 I.
551 3130 619 3190 §dh
633 3131 655 3176 8.
683 3130 802 3176 Kuehner
820 3128 864 3174 Gr.
879 3127 922 3174 Gr·
934 3130 953 3174 1.
973 3130 1058 3189 §105.
1078 3132 1101 3177 8.
1122 3144 1145 3188 p.
1159 3131 1217 3177 302.
1237 3130 1323 3190 5126.
1337 3133 1361 3177 3.

180 3229 203 3274 p.
225 3217 283 3264 344.
320 3214 397 3263 Cobet
415 3216 445 3262 N.
466 3216 494 3264 L.
514 3230 536 3275 p.
557 3216 615 3264 338.
652 3215 759 3262 Helland
784 3215 970 3273 ,Quaestionum
995 3215 1025 3261 de
1051 3215 1156 3260 dialecto
1182 3215 1362 3274 Xenophonteo

171 3300 264 3369 'capite
281 3302 380 3349 selects‘
398 3315 422 3359 p.
442 3303 480 3346 ll.
501 3316 524 3361 p.
546 3303 585 3348 17.
621 3301 719 3360 Sauppe
737 3300 763 3346 in
782 3301 1003 3361 lexilog.Xenoph.
1018 3315 1038 3347 s.
1051 3316 1075 3348 v.
1096 3302 1241 3360 ,genetivus‘
1261 3302 1359 3346 demon-

184 3392 334 3446 straveruut,
352 3387 393 3432 hic
411 3393 491 3433 tamen
510 3400 661 3447 proponent:
690 3387 701 3432 I
721 3390 761 3444 64,
781 3389 811 3432 2:
839 3382 866 3445 ἐξ
883 3379 1003 3448 Ἀφύτιος
1021 3387 1062 3450 (cf.
1083 3386 1174 3433 schol:
1194 3379 1315 3442 Ἰωνικῶς
1333 3380 1362 3436 δὲ

181 3467 249 3520 etan
268 3464 401 3532 Ἀφύτιος·
422 3467 472 3522 ἔδει
489 3467 538 3533 γὰρ
558 3468 600 3522 διὰ
618 3469 662 3521 τοῦ
681 3455 714 3534 i.)
732 3493 766 3512 =
785 3471 876 3518 uerna
897 3472 945 3518 vn
964 3473 1021 3530 rsa,
1041 3474 1062 3521 5.
1081 3498 1113 3506 --
1132 3471 1207 3518 runc.
1228 3473 1253 3518 ιι
1271 3473 1311 3527 ιο,
1334 3476 1360 3517 1:

182 3549 281 3605 Πύθεω
310 3557 351 3620 (es.
370 3558 463 3604 schol:
491 3550 632 3620 ὁΠόὲιης,
659 3556 703 3607 τοῦ
723 3551 837 3616 nonen,
861 3550 994 3619 Ἰωνικῶς)
1012 3577 1046 3597 =
1064 3557 1156 3605 Herod.
1179 3555 1226 3603 Vll
1246 3559 1302 3615 137,
1324 3561 1362 3604 rt.

184 3645 241 3703 181,
261 3645 282 3689 9.
303 3668 333 3678 -
353 3642 431 3690 Thuc.
449 3644 475 3690 11
493 3646 533 3702 99,
554 3646 578 3704 1,
597 3645 620 3692 7.
647 3647 727 3702 67,1.
755 3645 795 3702 96,
817 3647 846 3690 1:
865 3639 961 3708 Τήρεω
980 3664 1013 3683 =
1032 3643 1122 3690 Herod.
1140 3643 1165 3688 ll
1186 3645 1242 3702 137,
1263 3646 1302 3701 16,
1321 3643 1362 3701 qul

181 3729 311 3787 genetivus
329 3729 409 3775 frctus
426 3733 464 3776 est
480 3743 494 3775 e
511 3729 603 3776 nomin.
622 3723 723 3791 Τήρης.
742 3755 775 3764 -
794 3729 870 3776 Τ1ιιιο,
882 3729 917 3776 IV
931 3731 988 3787 107,
1003 3733 1031 3777 3:
1052 3723 1099 3778 ιλτιό
1118 3727 1168 3778 τῶν
1181 3726 1205 3777 Γ
1206 3721 1290 3786 οοὶξιος
1306 3725 1363 3776 παί-

182 3815 242 3866 δων.
260 3840 293 3849 -
311 3814 388 3860 Τ1ιαο.
407 3814 429 3859 V
448 3816 490 3871 51,
511 3817 539 3862 2:
567 3807 681 3877 Ξενάρης
700 3807 714 3864 c‘
733 3812 835 3872 Κνίδιος
853 3810 1069 3876 Λακεδαιμόνοις
1087 3829 1150 3874 quae
1168 3816 1255 3873 forms,
1273 3815 1363 3873 qnippe

183 3914 246 3960 quse
269 3900 294 3947 in
320 3900 419 3948 nomine
445 3900 550 3947 hominis
568 3900 757 3948 Lacedaemonii
775 3906 847 3959 esset,
876 3899 999 3947 Meinelrio
1018 3900 1112 3963 (Herm.
1132 3901 1177 3949 111.
1198 3899 1265 3962 363.)
1289 3900 1363 3945 volde

182 3985 314 4046 displicuit.
350 3986 507 4046 Quapropter
526 3991 583 4046 apte
601 3987 731 4046 proposuit
748 3983 858 4037 Κνιδίου.
895 3987 973 4032 Porro
991 3985 1039 4044 legi
1058 3987 1138 4032 voluit
1156 3984 1203 4031 Th.
1216 3985 1252 4030 111
1273 3986 1313 4042 19,
1332 3987 1360 4030 2:

183 4068 257 4137 μέχρι
279 4070 324 4122 τοῦ
342 4067 452 4129 Σάνδιος
478 4066 557 4136 λόφον
575 4087 619 4131 pro
637 4072 728 4119 tradito
747 4069 865 4123 Σανόλαυ.
892 4099 925 4107 -
950 4072 1216 4129 Thuc.V11144‚a:
1242 4061 1362 4132 Ἰηλύσου

182 4179 217 4199 --
234 4158 326 4206 Herod.
344 4158 357 4203 1
377 4160 434 4217 144,
454 4161 494 4206 13.
510 4185 543 4194 -
562 4158 641 4206 Τ1ιαο.
659 4159 671 4204 1
688 4161 729 4217 46,
748 4161 779 4207 4:
803 4150 924 4222 Ἐφύρη,
951 4157 980 4203 de
1003 4171 1052 4217 quo
1069 4158 1149 4203 forma
1166 4155 1244 4214 sunt,
1262 4156 1363 4214 Quaest.

183 4243 252 4304 gre⁸
272 4258 296 4303 p.
317 4246 349 4293 59
378 4244 498 4305 exposuit
533 4244 588 4302 Quo
612 4249 695 4292 autem
718 4243 771 4290 iure
797 4243 877 4291 Cobet
900 4245 930 4289 N.
950 4242 979 4291 L.
999 4257 1022 4302 p.
1042 4243 1092 4292 398
1111 4241 1265 4290 contenderit
1283 4237 1360 4306 Λάδη

185 4327 272 4396 (Thuc-
291 4329 350 4377 V111
372 4333 410 4389 17,
429 4334 453 4380 3.
473 4333 513 4391 at,
533 4328 567 4396 1.)
585 4331 668 4378 lonice
687 4329 778 4376 dictum
796 4342 860 4392 esse,
879 4343 928 4375 non
947 4328 1076 4392 perspicio.
