3192 4902
673 225 883 307 le.-

191 413 324 502 φορτλον,
348 411 483 496 ἕκκαυμα
505 410 679 494 Ἑλληνικῶς
700 418 781 478 inter
803 438 834 478 se
857 424 1002 497 pugnant,
1026 417 1172 499 equidem,
1197 437 1264 477 cum
1287 409 1370 478 hioe-

189 526 266 586 ridis
287 526 461 604 opinionem
483 527 604 602 praeter
627 521 834 600 Thucydidem
856 522 956 596 Ι177,
973 529 990 580 3
1014 524 1094 583 eolus
1110 521 1272 599 Euripides
1288 521 1370 600 Cycl.

193 635 264 690 242.
288 629 446 689 confirmet
459 626 496 706 1),
520 619 650 700 φάκελος
672 628 709 685 ab
728 645 786 685 usu
801 624 896 684 Attici
920 614 1065 686 sermonis
1080 629 1149 703 post
1163 623 1371 702 Thucydidem

190 731 397 791 intermissum
419 751 483 790 esse
506 749 561 788 nec
583 733 647 787 tum
670 727 854 790 obsolevisse
876 728 993 807 opinor.
1038 729 1116 788 Nam
1139 732 1185 787 est
1205 727 1239 787 in
1258 727 1371 789 Herod.

191 835 235 893 IV
261 840 310 905 62,
326 841 362 893 4:
392 824 555 910 φρυγάνων
577 823 714 904 φάκελοι,
755 830 804 903 67,
829 836 864 889 2:
888 827 1038 904 φακέλους
1060 823 1182 908 ῥάβδων
1205 835 1235 890 et
1256 829 1372 907 Hippo·

193 941 264 996 crat.
288 937 325 995 de
348 935 465 996 mulier.
487 937 583 994 morb.
605 933 658 993 lib.
680 934 707 993 I.
728 935 788 993 vol.
813 933 919 993 XXII.
943 955 970 1012 p.
996 939 1067 994 699.
1090 932 1185 993 med:
1208 925 1372 1012 φρυγάνων

192 1032 327 1112 φάκελοι.

192 1143 282 1218 Apud
304 1141 465 1219 scriptores
487 1140 670 1218 posteriores
692 1139 938 1221 infrequentem
960 1159 1047 1199 usum
1068 1138 1162 1198 venit

542 1324 562 1410 5
589 1325 623 1392 2.
666 1323 1025 1394 commeruissem.

277 1449 464 1510 Vocabulum
481 1439 692 1526 οἷγχλστροφ
702 1467 743 1517 ος
758 1447 881 1510 οἰκτίσαι
897 1454 942 1508 est
957 1449 1036 1527 apud
1045 1447 1190 1508 Herodot
1199 1448 1262 1509 VII
1274 1451 1322 1520 13,
1335 1451 1368 1504 5.-

193 1545 371 1631 συγγνώμην
403 1571 453 1624 μοι
485 1547 560 1626 ἔχετε
591 1543 637 1608 ὅτι
667 1541 849 1628 άγγλστροφα
871 1544 1062 1626 βουλεύομαι,
1085 1550 1166 1629 apud
1186 1551 1321 1629 Thucyd.
1337 1550 1371 1607 ΙΙ

195 1660 244 1728 63,
271 1659 301 1711 l:
324 1648 525 1731 ἀγχίστροφον
546 1645 600 1728 την
623 1645 788 1728 μεταβολήν
813 1643 940 1730 ὁρῶντες
962 1653 1021 1711 τῶν
1043 1645 1067 1710 τ’
1089 1646 1276 1729 εὐδαιμόνων
1292 1698 1300 1713 .
1317 1695 1323 1710 .
1340 1696 1372 1712 ..

194 1757 290 1830 Quod,
320 1760 515 1835 posteaquam
543 1755 576 1814 in
600 1776 737 1816 sermone
760 1756 863 1816 Attico
884 1756 1051 1830 intercidit,
1082 1756 1251 1817 recentiore
1273 1759 1372 1816 aetate

192 1881 295 1920 rursus
335 1859 472 1938 prodisse
510 1879 549 1918 ex
578 1858 823 1919 adnotationibus
853 1859 1006 1936 Popponis
1040 1861 1077 1919 ad
1108 1860 1201 1920 Thuc.
1230 1860 1252 1919 l.
1284 1858 1305 1918 l.
1342 1862 1373 1918 et

193 1962 346 2024 Schaeferi
369 1963 407 2021 ed
429 1961 553 2041 Dionys.
577 1962 646 2020 Hel.
670 1963 706 2022 de
730 1983 826 2042 comp.
849 1965 934 2025 verb.
957 1984 985 2041 p.
1011 1967 1082 2022 300.
1106 1961 1307 2038 cognoscitur.

255 2058 503 2140 -Ἀξιόμαγος
526 2086 542 2124 e
565 2065 785 2126 vetustioribus
807 2065 1005 2142 scriptoribus
1028 2065 1317 2142 acuminaretur
1340 2068 1372 2122 et

191 2167 382 2247 Thucydides
404 2174 635 2245 usurpaverunt,
658 2168 843 2229 recentiores
865 2170 903 2228 ud
924 2189 1019 2228 unum
1042 2187 1143 2227 omnes
1165 2169 1369 2246 frequentant.

193 2271 230 2333 V.
252 2271 365 2330 Herod.
388 2270 433 2330 VI
450 2276 540 2342 89,4
573 2271 802 2344 vl1101,1n.
837 2276 905 2345 138,
930 2278 958 2330 8.
994 2271 1136 2345 157,16.
1166 2274 1371 2344 2361113.

195 2375 273 2433 viu
297 2350 397 2446 cese.
430 2373 479 2432 ix
502 2379 551 2447 eo,
580 2380 626 2432 ιο.
670 2375 763 2434 rhus.
789 2376 832 2436 iv
856 2376 905 2447 τε,
929 2380 947 2432 2
985 2374 1064 2448 vn,
1088 2379 1115 2433 e.
1148 2378 1197 2447 eo,
1221 2378 1249 2434 3.
1289 2372 1372 2433 vm.

193 2480 241 2549 ss,
267 2482 293 2534 e.
330 2480 380 2548 so,
405 2480 431 2534 1.

279 2579 412 2638 Verbum
436 2572 639 2653 λσοκαλής,
663 2579 743 2658 quod
765 2579 913 2639 Herodoti
936 2585 967 2639 et
990 2578 1174 2656 Thucydidis
1196 2577 1277 2638 binis
1299 2577 1374 2636 locis

191 2681 358 2753 invenitur,
381 2680 482 2740 nescio
506 2702 542 2740 an
566 2679 677 2760 reliqui
701 2680 799 2741 Attici
822 2681 954 2760 amplexi
976 2701 1036 2740 non
1059 2680 1129 2740 sint.
1165 2683 1269 2760 Neque
1293 2679 1374 2739 enim

194 2784 271 2843 Plet.
282 2783 359 2843 Tim.
372 2803 401 2859 p.
415 2789 463 2842 62.
477 2785 515 2843 E:
540 2780 567 2841 εἰ
588 2777 643 2861 γάρ
668 2805 694 2842 τι
716 2781 765 2842 καὶ
790 2777 908 2862 στερεόν
923 2781 969 2859 ελή
986 2774 1061 2842 κατά
1083 2780 1174 2858 μέσον
1194 2783 1249 2841 τοῦ
1264 2774 1376 2851 κταντάς

194 2882 344 2960 isocelis,
377 2883 418 2956 εἰς
448 2879 537 2945 οὐδὲν
568 2879 605 2944 άν
635 2907 707 2946 κοτε
733 2889 793 2946 τῶν
820 2880 949 2964 ἐσχάτων
973 2883 1105 2963 ἐνεχθείη
1128 2879 1178 2944 διά
1199 2878 1254 2962 τήν
1276 2879 1374 2967 πάντη

192 2981 354 3065 ὁμοιότητα
377 2984 514 3060 αὐτῶνθ
544 2991 664 3066 vulgari
696 2992 815 3051 dicendi
845 3011 927 3051 more
949 2991 1122 3051 Atticorum
1150 2989 1291 3063 fluxisse,
1324 2991 1376 3049 sed

193 3092 308 3152 Timaei
331 3113 396 3154 esse
417 3093 549 3154 videtur.
595 3092 678 3158 Quae
708 3115 757 3154 res
788 3115 827 3153 ex
850 3115 884 3154 eo
914 3093 1076 3168 colligitur,
1099 3094 1180 3174 quod
1201 3092 1316 3151 Timaei
1339 3093 1376 3150 de

193 3196 305 3256 mundo
330 3195 482 3255 sententia
504 3199 541 3255 ab
564 3196 629 3274 ipso
652 3196 698 3256 ibi
714 3197 852 3276 exposita
867 3195 1064 3269 Parmenidis‚
1087 3215 1176 3275 quem
1191 3197 1224 3254 in
1239 3199 1376 3273 poemate

194 3296 313 3372 (ionice
336 3295 461 3375 scripto)
485 3297 588 3356 eadem
603 3317 679 3359 voce
701 3320 789 3359 usum
812 3320 877 3360 esse
890 3300 968 3359 Plat.
984 3300 1075 3376 Soph.
1084 3318 1112 3374 p.
1125 3299 1233 3358 esau
1248 3296 1376 3356 Aristot.

196 3399 277 3457 207*ι
303 3398 348 3460 17.
382 3399 463 3458 976²
483 3405 510 3458 9.
544 3397 625 3457 9789
644 3407 672 3461 9.
695 3405 854 3476 testantur,
879 3401 1032 3461 simillima
1052 3400 1121 3460 fuit.

197 3502 292 3560 Porro
321 3501 462 3580 Xenoph.
487 3504 578 3578 Ages.
595 3504 636 3562 II.
656 3509 689 3564 9:
723 3498 825 3583 ἕάρων
859 3499 892 3563 di
923 3497 976 3572 τάς
1009 3523 1038 3562 τε
1063 3497 1216 3581 φάλαγγας
1248 3493 1377 3576 άλλήλων

195 3596 275 3679 μάλα
298 3597 467 3679 ἰσομάλονς,
491 3599 594 3681 σχεδόν
624 3600 656 3663 δὲ
685 3603 735 3665 καὶ
760 3603 792 3664 οἱ
812 3605 913 3676 ἱππεῖς
936 3593 1012 3682 ἦσαν
1035 3602 1181 3684 ἑκατέρων
1205 3601 1378 3680 ἰσοπληθεῖς

194 3706 248 3764 alii
277 3707 502 3768 Hutohisonum
540 3707 642 3773 secuti,
673 3729 728 3785 pro
759 3703 921 3785 ἰσομάλους
951 3713 1175 3787 supposuerunt
1207 3701 1376 3779 ἰσοπάλους,

195 3808 249 3868 clii
277 3810 461 3873 Leonolavio
495 3812 639 3872 euadente
671 3804 831 3888 ἰσομάχονς
862 3814 1079 3889 praetulerunt.
1133 3811 1210 3876 Mihi
1238 3831 1287 3870 res
1317 3830 1378 3869 non

196 3910 303 3990 liquet.

267 4081 292 4147 1)
309 4085 349 4130 Ad
366 4085 542 4146 Aristophanis
561 4085 623 4133 illud
641 4084 714 4148 (Rau.
734 4083 804 4148 839.)
822 4080 1124 4152 κομποφακελορρήμονα,
1143 4085 1209 4145 quod
1227 4097 1298 4131 aures
1311 4082 1379 4129 sudi-

196 4168 289 4214 entium
307 4168 446 4216 oblectandi
464 4185 537 4218 causa
554 4172 637 4218 fictum
656 4171 695 4230 eit,
713 4186 850 4232 provocare
868 4187 918 4219 non
936 4173 999 4221 licet.
1027 4199 1059 4208 -
1086 4172 1124 4217 Da
1143 4169 1244 4230 reliquis
1263 4169 1380 4216 Moeridis

196 4253 281 4301 verbis
306 4254 359 4301 sina
385 4255 458 4302 dubio
478 4256 620 4316 depravatis
638 4258 738 4317 copiose
757 4259 895 4317 expositum
920 4265 958 4306 est
976 4260 1000 4306 in
1018 4255 1131 4304 Piersoni
1150 4256 1206 4302 edit.
1226 4272 1248 4316 p¹
1270 4258 1327 4313 ³93„
1346 4270 1379 4305 ss.

266 4337 291 4408 2)
310 4340 347 4390 Gi.
366 4340 487 4402 Krueger.
507 4341 539 4389 ad
557 4341 634 4390 Thus.
644 4342 673 4391 V.
694 4345 717 4391 2.
753 4343 844 4392 Herod.
864 4343 908 4392 v1.
929 4346 969 4394 89.

1174 4425 1225 4490 2*
