3192 4902
699 166 911 244 -6'7-

216 353 372 417 sententiis
402 376 420 416 a
448 355 593 432 particula
623 353 651 415 εἰ
678 357 892 434 incipientibus
919 379 986 417 eum
1009 358 1201 437 adoptantl),
1224 355 1395 423 Herodotus

216 461 313 536 1164,
331 467 367 520 9:
391 457 418 518 εἰ
438 447 481 518 civ
503 451 640 542 εἶναιτῷ
662 462 727 542 θεῷ
747 463 835 520 τοῦτο
859 454 901 538 μὴ
916 461 1014 537 φίλον,
1037 454 1094 522 οοίι
1116 455 1154 522 dv
1176 457 1247 522 οὐδὲ
1269 457 1305 522 τά
1326 457 1396 540 aad·
1499 457 1501 461 ’

216 585 268 622 νεα
290 559 410 625 ποιέειν.
446 564 516 637 172,
539 569 590 625 19;
613 562 641 621 εί
660 556 804 644 πρότερον
827 556 902 623 εἶναι
925 559 1072 642 δημότης,
1104 561 1161 624 ἀλλ’
1187 562 1219 624 ἐν
1249 568 1291 648 τῷ
1321 588 1395 647 παρ·

217 662 294 726 εόντι
322 657 398 725 εἶναι
421 659 520 725 αὐτῶν
550 660 694 743 βασιλεύς.
738 669 789 726 ΠΙ
808 672 877 746 105,
893 676 928 728 6:
959 667 986 727 εί
1012 663 1053 745 μή
1083 662 1305 750 προλαμβάνειν
1326 662 1397 740 τοδς

212 764 330 837 Ἰνδοδς
352 771 406 846 τῆς
427 761 502 828 δδοῦ
525 766 556 828 ἒν
578 756 602 851 ᾦ
624 763 696 838 τοάς
713 763 872 848 μύρμηκας
887 768 1090 851 συλλέγεσθαι,
1114 764 1223 831 οὐδένα
1244 764 1282 832 dv
1297 788 1398 847 σφεων

124 902 127 908 =
219 865 437 944 άποσοίζεσθαι.
479 878 548 946 108,
571 879 606 932 2:
638 870 753 951 λέγουσι
783 869 833 932 καί
865 867 933 932 τάδε
951 868 1099 953 Ἀράβιοι,
1130 867 1172 946 οίς
1194 877 1276 934 πάσα
1300 869 1338 934 dv
1361 877 1399 955 γῆ

219 972 383 1052 ἐπίμπλατο
414 977 474 1033 τοῖν
503 969 601 1048 ὀφίων
630 969 745 1034 τούτων
775 973 802 1033 εί
823 968 863 1052 μή
885 975 1042 1056 γίγνεσθαι
1064 970 1126 1037 κατ’
1150 971 1261 1048 αάτοδς
1284 969 1350 1037 οἷόν
1373 1000 1399 1036 τι

219 1072 294 1137 κατά
317 1072 370 1147 τάς
392 1075 508 1154 ἐχίδνας
526 1071 696 1154 ἠπιστάμην
711 1078 845 1157 γίνεσθαι
868 1080 896 1157 (Ι
914 1084 1039 1154 129,14
1063 1082 1124 1141 VII
1140 1086 1211 1155 229,
1229 1081 1297 1160 15);
1321 1082 1399 1139 Thu-

221 1182 341 1260 cydides
355 1182 400 1241 IV
417 1186 466 1254 98,
483 1187 517 1241 4:
548 1177 599 1239 καὶ
627 1173 719 1255 adrat,
749 1178 777 1239 εί
796 1176 850 1257 μέν
873 1178 922 1240 ἐπὶ
945 1178 1034 1241 πλέον
1057 1181 1229 1260 δυνηθῆναι
1249 1186 1303 1260 τῆς
1325 1181 1399 1243 ἐπεί-

220 1306 282 1344 νων
303 1286 465 1365 κρατῆοαι,
495 1278 570 1344 τοῦτ’
604 1277 642 1342 άν
673 1281 761 1360 ἔχειν·
790 1286 845 1343 νῦν
874 1279 935 1344 δ’ἒν
965 1283 1046 1366 μέρει
1069 1283 1158 1360 είοίν,
1188 1279 1304 1356 ἑκόντες
1326 1279 1401 1346 εἶναι

221 1379 262 1457 τίς
285 1385 318 1446 ἐκ
340 1383 485 1465 σφετέρου
508 1382 566 1446 οὐκ
588 1379 716 1446 άπιέναι.
761 1387 844 1451 Quae
873 1390 1021 1449 sententia
1050 1410 1116 1450 cum
1146 1390 1262 1450 irrealis
1290 1392 1329 1450 sit
1351 1390 1401 1468 (f.

220 1492 277 1548 νῦν
300 1485 353 1550 δέ.
371 1536 377 1549 .
395 1492 424 1568 .),
447 1491 591 1566 Kruegeri
617 1491 785 1550 coniectura
808 1489 967 1566 δυνηθεῖεν
989 1493 1139 1552 reicienda
1162 1498 1216 1554 est.

308 1628 443 1688 Diversis
476 1628 511 1687 de
542 1628 573 1688 vi
602 1628 766 1703 particulae
796 1619 835 1686 άν
866 1630 943 1704 apud
967 1629 1189 1689 coniunctivum
1212 1630 1403 1706 opinionibus

223 1731 409 1807 perlustratis
445 1731 542 1790 facere
579 1750 639 1789 non
677 1751 796 1806 possum
834 1731 907 1810 quin
943 1732 1156 1791 Baeumleinio·
1185 1739 1216 1792 st
1251 1732 1402 1808 Leopoldo
1486 1799 1490 1806 ,

224 1834 397 1905 Schmidtio,
421 1835 472 1912 qui
494 1834 526 1891 in
549 1835 797 1893 commentatione
820 1853 897 1893 anno
916 1838 1007 1896 1869.
1029 1836 1109 1894 foras
1131 1836 1211 1894 edita
1233 1836 1279 1907 ,de
1296 1835 1404 1893 omissa

224 1938 302 2012 apud
325 1937 490 2012 optativum
513 1942 543 1995 et
565 1937 786 1996 coniunctivum
809 1929 847 1993 άν
870 1937 1022 2012 particula‘
1047 1938 1173 1998 dilucide
1189 1938 1336 2012 disseruit,
1358 1957 1403 1996 as-

226 2042 335 2098 sentiar
366 2047 455 2119 atque
489 2058 562 2115 „per
584 2031 620 2096 άν
643 2039 755 2118 aliquid
778 2059 831 2115 pro
854 2060 926 2099 vero
949 2039 1021 2115 poni
1044 2041 1227 2100 existimem:
1261 2041 1348 2098 modo
1371 2059 1406 2098 ea

225 2162 280 2215 res,
313 2162 400 2222 quam
431 2142 492 2201 vim
514 2144 631 2216 habeat,
660 2147 741 2202 recte
763 2143 934 2218 accipiatur.
978 2142 1098 2204 Scilicet
1120 2144 1171 2222 qui
1195 2143 1294 2204 dedita
1316 2161 1406 2220 opera

227 2246 340 2326 aliquid
369 2246 411 2305 ita
440 2246 614 2321 pronuntiat
643 2253 677 2306 ut
706 2245 735 2303 id
767 2251 917 2325 tamquam
947 2265 1001 2322 pro
1024 2266 1095 2306 vero
1117 2247 1247 2321 positum
1269 2246 1405 2319 intellegi

230 2350 336 2406 debere
359 2349 488 2420 denotet,
520 2349 576 2407 hoo
607 2349 685 2406 haud
709 2350 797 2406 dubie
819 2350 966 2408 audientis
989 2367 1077 2409 causa
1098 2351 1172 2409 facit
1193 2349 1281 2429 eique
1303 2353 1407 2408 auctor

227 2456 280 2522 est,
311 2456 345 2510 ut
375 2470 435 2509 rem
467 2450 524 2509 sibi
553 2455 587 2508 ut
609 2469 709 2511 veram
731 2451 814 2529 quasi
838 2471 908 2527 prae
932 2451 1024 2510 oculis
1046 2457 1138 2527 ponat
1160 2471 1271 2531 suaque
1295 2453 1405 2526 cogita-

227 2554 309 2612 tione
332 2552 478 2629 expleat“.
502 2553 610 2631 Itaque
633 2553 684 2627 „in
707 2554 864 2612 sententiis
886 2554 1030 2626 relativis,
1054 2555 1315 2626 condicionalibus‚
1331 2559 1405 2612 tem-

229 2657 396 2731 poralibus,
428 2676 493 2714 cum
517 2657 724 2717 coniunctivus
746 2676 781 2715 eo
805 2656 928 2715 consilio
951 2658 1022 2731 poni
1045 2657 1152 2730 soleat,
1183 2661 1218 2715 ut
1245 2657 1277 2714 in
1299 2657 1408 2715 effectu

230 2761 293 2820 sive
315 2760 347 2816 in
369 2759 504 2818 realitate
526 2759 569 2817 rei
592 2758 802 2834 cogitationem
825 2759 937 2819 versari
961 2758 1132 2830 declaretur,
1156 2759 1228 2817 haec
1251 2759 1316 2836 ipsa
1339 2779 1408 2817 con-

229 2863 356 2922 iunctivi
378 2863 424 2923 vis
445 2863 546 2921 addito
575 2853 613 2919 άν
642 2861 810 2921 distinctius
832 2861 1041 2937 pronuntiatur
1069 2867 1100 2921 et
1122 2862 1336 2940 quodammodo
1359 2881 1411 2919 au·
1459 2866 1461 2872 '

232 2971 335 3039 getur“
349 2965 388 3043 2).
433 2964 599 3024 Discrimen
623 2971 731 3039 autem,
753 2969 852 3024 utrum
875 2964 1022 3041 particula
1036 2967 1164 3040 ponatur
1186 2983 1224 3022 an
1248 2964 1411 3037 omittatur,

230 3071 263 3127 in
287 3069 444 3128 sententiis
466 3068 600 3128 relativis
624 3074 654 3128 et
670 3067 964 3144 condicionalibus³)
986 3067 1080 3126 maius
1096 3086 1160 3126 esse
1183 3086 1270 3146 quam
1292 3067 1324 3125 in
1346 3086 1413 3125 sen-

233 3172 337 3232 tentiis
359 3171 582 3246 temporalibus,
605 3170 748 3231 Schmidt.
772 3190 801 3245 p.
818 3175 944 3231 9.—19.
967 3171 1111 3245 sagaciter
1127 3171 1276 3245 exposuit.
1314 3170 1351 3225 In
1366 3168 1413 3225 hie

234 3274 314 3333 enim
336 3272 496 3352 „quoniam
519 3272 726 3333 coniunctivus
747 3275 804 3332 hoc
827 3278 942 3333 tentum
958 3271 1082 3332 consilio
1106 3272 1228 3348 ponitur
1249 3277 1283 3330 ut
1297 3275 1414 3348 tempus

236 3531 259 3575 p.
273 3516 297 3562 8.
311 3527 343 3562 ss.
379 3513 500 3572 Krueger.
520 3513 551 3559 ad
570 3511 645 3559 Thac.
658 3512 684 3558 11
698 3512 767 3572 93,3
803 3510 968 3572 Frohberger.
986 3511 1017 3558 ad
1035 3511 1094 3573 Lys.
1113 3511 1183 3558 XIX.
1203 3514 1243 3560 26.
1263 3511 1363 3570 eiusque
1379 3511 1415 3556 in-

237 3603 283 3649 dic.
302 3602 333 3648 ad
353 3601 377 3647 h.
396 3601 411 3646 l.
438 3599 575 3646 Rehdantz.
599 3599 649 3645 ind.
669 3598 798 3646 Demosth.
811 3598 841 3644 11.
855 3612 879 3657 p.
893 3599 951 3646 239.
979 3597 1070 3658 Saupp.
1088 3598 1186 3658 lexilog.
1205 3598 1318 3658 Xenoph.
1337 3613 1362 3657 p.
1375 3598 1415 3643 69.

238 3688 258 3731 E
286 3685 447 3745 scriptoribus
472 3684 649 3732 recentioribus
673 3684 698 3730 id
723 3698 801 3743 genus
827 3683 939 3743 exempla
957 3683 1121 3743 Prohberger.
1140 3685 1156 3730 l.
1175 3685 1192 3730 l.
1211 3689 1236 3730 at
1253 3682 1364 3731 Lobeolr.
1384 3682 1416 3728 ad

238 3771 331 3832 Phryn.
349 3787 375 3832 p.
388 3773 445 3820 172.
465 3770 631 3830 suppeditant.

308 3859 335 3916 1)
352 3859 415 3904 Nam
434 3857 510 3904 Arist.
527 3858 574 3903 Av.
596 3857 675 3904 1681:
703 3852 735 3914 ,εἰ
760 3850 796 3919 μή
823 3851 933 3923 βαδίζειν
952 3847 1038 3918 ὥσπερ
1064 3851 1091 3903 αἱ
1108 3847 1244 3918 χελιδόνεςι
1270 3848 1378 3920 sapere.
1394 3845 1418 3916 γ’

240 3943 280 3989 vel
297 3944 346 3989 tale
364 3943 457 4002 aliquid
475 3941 630 3990 scribendum
649 3947 693 3990 ost.
714 3968 746 3977 -
764 3940 880 3990 Ceterum
898 3957 921 3992 v.
930 3941 1051 4001 Krueger.
1070 3939 1102 3986 ad
1114 3940 1207 3988 Herod.
1220 3938 1232 3983 I
1247 3940 1295 3986 129
1316 3938 1415 3985 Abioht.

240 4028 271 4075 ad
289 4029 381 4075 Herod.
400 4030 412 4075 1
431 4031 470 4076 24.

310 4113 337 4176 2)
355 4114 439 4162 Verba
457 4119 515 4164 sunt
532 4115 661 4163 Schmidtii
678 4129 701 4174 p.
715 4117 739 4162 8.
753 4128 773 4162 s.

312 4203 339 4262 ³)
356 4202 395 4247 De
412 4201 451 4248 his
469 4202 532 4248 nihil
551 4201 638 4260 dicam,
664 4199 729 4259 quod
753 4198 863 4246 codicum
887 4199 1006 4248 memoria
1031 4197 1156 4258 plerisque
1179 4195 1239 4242 locis
1258 4202 1308 4242 tam
1328 4195 1422 4243 lubrica

243 4293 288 4346 est,
307 4293 334 4334 ut
351 4286 394 4334 vix
413 4288 473 4334 certi
491 4288 624 4346 quidquam
643 4292 772 4335 statuatur.

1221 4363 1260 4427 δῦ
