3192 4902
672 305 883 370 ..69-

189 467 316 549 μιανθέν
338 470 410 556 πρὶν
432 468 528 551 φόνου
551 469 648 558 φόνῳ,
671 469 765 560 όμοίγι
788 471 893 554 ὅμοιον
914 469 934 554 ιγ’
957 470 1091 556 δράσασα
1116 468 1197 556 ψυχή
1219 475 1284 560 τίσῃ
1316 463 1367 538 καί

189 569 287 653 πόσης
309 580 361 655 τῆς
383 577 549 659 ξυγγενείας
578 571 630 638 τόν
659 573 762 658 θυμόν
793 573 996 656 ἀφιλασαμένη
1019 579 1150 662 κοιμίσγ.
1196 581 1297 642 Sermo
1322 587 1367 642 est

190 681 225 739 de
247 682 345 758 prisea
366 683 466 742 tabula
482 684 615 766 quadam.
645 685 732 743 Patet
747 684 900 744 Platonem
925 683 1058 744 consulto
1082 703 1099 742 a
1119 684 1234 760 'vulgari
1251 683 1367 744 dicendi

189 803 270 843 more
292 785 448 846 recessisse
472 792 502 846 et
516 785 723 864 antiquitatem
739 787 943 864 affectasss1).
966 787 1071 868 Neque
1086 786 1178 861 igitur
1194 805 1260 846 eum
1272 785 1367 846 Hein-

190 887 282 946 dorfio
306 879 343 945 όίν
364 888 455 947 inseri
478 888 547 950 voio
579 908 677 967 neque
699 889 759 949 ullo
783 890 869 952 modo
900 890 993 972 probo
1025 908 1101 968 quae
1124 889 1159 948 V.
1182 887 1219 944 D.
1242 886 1275 948 in
1298 895 1368 950 nota

189 990 225 1048 ad
256 991 332 1051 Piat.
362 992 473 1051 Phaed.
497 1012 525 1067 p.
543 996 592 1050 62.
624 992 777 1051 contendit
807 993 903 1068 „apud
934 1011 1038 1067 prosae
1071 991 1230 1067 scriptores
1259 990 1367 1066 corrigi

188 1093 355 1152 huiusmodi
385 1095 483 1154 omnia
513 1095 650 1158 debere“.
695 1096 788 1156 Porro
818 1094 895 1154 Plat.
926 1095 1001 1154 Tim.
1023 1115 1051 1174 p.
1067 1093 1115 1154 57.
1132 1095 1170 1154 B:
1199 1085 1251 1152 έοίν
1274 1086 1299 1150 δ’
1326 1089 1367 1164 είς

188 1197 279 1254 ταῦτα
302 1193 333 1280 ip
355 1192 407 1255 καὶ
429 1198 488 1255 τῶν
510 1189 604 1255 όίλλων
625 1218 652 1255 τι
676 1190 776 1266 ξυνιόν
804 1197 897 1276 γενῶν
919 1189 1055 1273 μάχηται,
1078 1188 1207 1271 λυόμενα
1227 1189 1264 1255 οὐ
1289 1188 1367 1258 παύ-

188 1320 249 1357 εται
272 1295 344 1378 πρὶν
366 1292 387 1376 ἢ
408 1293 601 1386 παντοίπασινν
627 1293 791 1376 ὦθοόμενα
815 1296 867 1360 καὶ
889 1294 1068 1358 διαλυθέντα
1090 1291 1209 1382 έκφύγγ
1232 1291 1309 1378 πρός
1332 1291 1364 1358 τό

188 1399 332 1482 ξυγγενές,
355 1394 375 1480 ἢ
397 1399 568 1477 νικηθέντα,
598 1400 633 1460 ἓν
659 1399 691 1462 έκ
715 1404 829 1462 πολλῶν
852 1395 958 1478 ὅμοιον
980 1402 1021 1482 τῷ
1043 1395 1225 1481 κρατήσαντι
1248 1394 1365 1480 γενόμε-

187 1525 250 1576 νον,
272 1496 366 1562 αὐτοῦ
388 1498 526 1576 ξύνοικον
549 1503 633 1588 μείνγ
655 1505 817 1582 particulas
841 1506 982 1566 detractio
1005 1505 1091 1565 facile
1106 1505 1210 1578 fertur,
1234 1505 1303 1584 quia
1326 1525 1365 1564 ex

188 1599 240 1666 e’c‘v
262 1608 397 1683 proxime
420 1625 591 1684 praegresso
622 1601 659 1666 όίν
690 1626 784 1688 usque
812 1609 849 1666 ad
879 1608 1066 1669 enuntiatum
1089 1628 1106 1666 a
1126 1605 1197 1686 πρίν
1219 1607 1367 1684 incipiens

187 1711 293 1769 animis
315 1710 538 1788 obversatur2).
584 1711 710 1770 Restant
732 1711 937 1772 Pseiescbiu,
961 1711 1045 1788 epist.
1068 1710 1109 1770 X.
1132 1713 1169 1769 2:
1200 1696 1238 1786 ἦν
1261 1705 1293 1768 δέ
1316 1730 1367 1785 μοι

186 1805 288 1890 γνοίμιγ
311 1809 419 1890 μένειν,
443 1810 498 1884 ἕως
521 1807 638 1871 ἅπαντα
660 1809 801 1886 διεξέλθω
827 1805 863 1871 τοί
886 1810 917 1871 έν
934 1804 1040 1870 Ἰλιυίδι
1062 1809 1129 1888 ἔπη.
1152 1845 1193 1856 -
1215 1812 1366 1874 Pe-Dem.

187 1915 316 1976 XLVII.
341 1922 401 1975 29:
431 1909 502 1997 ρ’ίετο
526 1913 557 1975 ἒν
579 1918 621 1998 τῷ
642 1908 767 1995 παρόντι
790 1908 881 1985 αότός
903 1908 1040 1974 έκποδοδυ
1062 1908 1220 1993 γενόμενος
1242 1907 1367 1992 ἡσυχίαν

186 2015 273 2088 ἕξειν,
306 2015 361 2086 ἕως
391 2011 448 2096 έγοί
478 2038 508 2077 τε
538 2011 687 2078 ἐκπλεύσω
715 2013 767 2076 καί
796 2015 829 2076 ci
848 2019 918 2095 νῆες
939 2013 991 2076 καὶ
1012 2009 1119 2097 χρόνος
1141 2013 1300 2097 ἐγγένηται.
1323 2051 1365 2062 -

186 2122 264 2180 Xen.
288 2123 362 2200 Oyn.
384 2123 442 2180 111.
458 2127 493 2181 6:
516 2115 726 2202 προορώμεναι
748 2141 787 2181 se.
812 2119 845 2180 αἱ
866 2113 954 2192 κύνες
977 2113 1029 2181 τόν
1051 2119 1129 2199 λαγοί
1150 2116 1291 2198 τρέμουσι
1313 2117 1364 2180 καὶ

186 2215 241 2281 crin
264 2219 446 2301 ἐπέρχονται,
470 2221 542 2303 πρίν
564 2222 668 2283 ίδωσιν
694 2215 905 2286 δποκινοῦντα.
953 2225 1062 2284 Oecon.
1085 2223 1158 2283 XII.
1186 2228 1219 2282 l:
1249 2215 1304 2284 crin
1328 2216 1366 2282 δίο

188 2318 358 2402 οίπέλθοιμι,
390 2323 462 2403 πρίν
493 2320 683 2386 παντάπασιν
714 2319 735 2404 ἡ
765 2319 861 2407 ἇγοροί
890 2327 1019 2412 inoffi).
1044 2361 1085 2371 -
1108 2327 1282 2404 Antiph.1.
1306 2332 1365 2386 29:

189 2426 219 2486 οἱ
241 2422 501 2505 ἐπιβουλευόμενοι
531 2421 619 2488 οὐδέν
648 2426 727 2488 ίσασι
756 2430 827 2506 πρίν
855 2421 879 2510 γ’
901 2422 961 2506 ἤδη
984 2426 1015 2490 έν
1038 2421 1119 2510 αὐτῷ
1143 2414 1197 2488 aios
1219 2428 1259 2510 τῷ
1282 2429 1366 2511 κακῷ

187 2527 239 2590 καί
262 2525 447 2611 γιγνώσκωσι
478 2524 529 2590 τόν
560 2524 687 2611 όλεθρον
710 2528 742 2590 έν
765 2518 789 2613 ᾧ
813 2529 892 2590 είσίν.
936 2533 998 2592 Πα
1014 2538 1051 2592 2:
1073 2525 1111 2590 οὐ
1134 2526 1279 2611 πρότερον
1304 2528 1366 2592 έπι-

185 2641 333 2713 χειροῦσιν
355 2627 375 2710 ἢ
397 2629 495 2712 πόσης
518 2628 654 2710 ὑποψίας
676 2629 813 2712 φυλακήν
836 2628 1030 2710 ποιήσωνται.

187 2761 346 2814 Auctorem
375 2756 519 2832 epistulae
542 2757 598 2828 X.‚
630 2775 705 2836 quae
737 2756 790 2815 sub
813 2755 972 2816 Aeschinis
1003 2755 1122 2814 nomine
1152 2754 1366 2829 circumfertur,

186 2859 217 2916 in
239 2859 372 2918 Atticum
401 2878 565 2919 sermonem
597 2877 733 2936 peccasse
765 2865 795 2920 et
823 2858 882 2936 ipsi
912 2877 1001 2936 supra
1022 2857 1150 2920 vidimus
1180 2864 1210 2918 st
1231 2857 1367 2918 Bromius

186 2962 341 3038 docuit4);
374 2982 462 3038 porro
490 2962 653 3024 cretionem
683 2962 765 3022 illem
799 2961 1164 3038 pseudodemosthenicam
1201 2981 1261 3020 non
1284 2980 1366 3036 ‚pure

185 3065 311 3124 dialecto
341 3064 441 3125 Attica
478 3066 676 3141 conscriptam
715 3085 812 3145 neque
853 3064 1030 3140 perpolitam
1065 3081 1130 3122 esse
1167 3062 1249 3138 legas
1288 3066 1365 3138 apud

185 3169 374 3226 Schaeferum
397 3169 598 3240 ‚Demosthem
621 3188 651 3227 u.
674 3190 697 3227 s.
719 3168 792 3227 Zeit‘
821 3167 879 3227 vol.
905 3167 980 3225 ΠΝ
1009 3173 1037 3227 2.
1060 3186 1090 3241 p.
1118 3170 1185 3229 198.
1210 3187 1232 3225 s.
1264 3166 1366 3225 Xeno-

185 3271 329 3345 phontem
360 3275 473 3341 autem,
505 3289 592 3348 quem
623 3271 660 3328 ab
691 3270 800 3330 Atticis
833 3269 1027 3346 scriptoribus
1060 3272 1122 3328 toto
1152 3267 1233 3326 caelo
1257 3268 1367 3330 distare

187 3371 297 3430 Weber
312 3372 748 3448 ‚,Entwickelungsgesehiehte
763 3371 814 3432 der
824 3371 1065 3431 Absichtssetne“
1082 3370 1140 3432 vol.
1156 3370 1198 3431 II.
1215 3390 1243 3446 p.
1258 3372 1306 3430 70.
1319 3393 1366 3445 ss,

186 3495 214 3550 p.
233 3480 281 3532 89.
298 3495 345 3548 ss,
369 3494 398 3550 p.
417 3478 495 3550 100„
518 3495 547 3550 p.
566 3478 635 3534 116.
665 3495 718 3551 pro
748 3493 801 3534 sua
822 3479 907 3551 parte
930 3472 1036 3545 evicit,
1059 3474 1116 3532 hae
1138 3493 1257 3552 qnoque
1279 3473 1311 3532 in
1335 3494 1366 3534 re

185 3579 222 3636 ab
254 3576 296 3638 eis
326 3577 492 3653 discrepare
524 3597 584 3636 non
615 3577 780 3636 mirandum
811 3582 865 3636 est.
917 3575 1054 3654 Denique
1084 3575 1307 3652 Antiphontem
1333 3583 1366 3636 ut

257 3828 281 3897 1)
300 3833 407 3893 Reisigio
429 3833 463 3896 (p.
476 3835 515 3882 65.
529 3835 560 3892 s.)
578 3833 650 3882 Plato
668 3825 698 3885 ἄν
717 3834 829 3882 omisisse
846 3833 951 3889 videtur,
970 3837 998 3879 ut
1016 3831 1112 3891 „maior
1123 3831 1245 3890 quaedam
1256 3833 1366 3890 gravitas

187 3917 343 3979 dignitasque
361 3920 492 3968 adderetur
510 3933 585 3978 quum
602 3920 709 3968 orationi
726 3925 778 3968 tum
796 3919 931 3968 numeris“.

257 4023 283 4080 2)
303 4020 400 4068 Similes
418 4022 450 4069 ob
467 4037 555 4070 causas
573 4023 598 4068 in
617 4021 745 4070 sententiis
763 4022 874 4070 relativis
893 4011 923 4072 ἄν
940 4021 1086 4082 particulam
1099 4033 1275 4078 nonnunquam
1288 4020 1367 4066 omitti

188 4107 334 4154 Stellbaum.
353 4107 384 4154 sd
403 4108 466 4156 Plat.
485 4109 561 4168 Legg.
581 4123 605 4168 p.
619 4107 710 4156 920.0
729 4107 847 4155 Schmidt.
866 4108 881 4153 l.
894 4108 909 4154 l.
929 4123 954 4167 p.
969 4110 1008 4154 12.
1028 4105 1194 4154 ostenderunt.

257 4209 283 4274 3)
302 4209 365 4256 Xen.
378 4209 443 4256 Hell.
457 4212 504 4270 13,
521 4215 548 4258 11
569 4211 626 4258 libri
641 4213 797 4274 discrepent3
816 4212 836 4256 B
850 4212 869 4260 0
882 4211 902 4256 Ε
921 4210 1041 4270 praebent
1058 4205 1132 4274 μέχρι
1149 4203 1226 4270 tibet,
1245 4207 1267 4254 V
1280 4203 1368 4273 μέχρις

186 4287 217 4346 ἄν
237 4291 309 4361 ἔλθῃ,
328 4297 402 4343 θθίθῐῑ
422 4293 509 4361 μέχρις
528 4293 601 4364 einp.
628 4297 748 4345 Memoria
766 4294 840 4362 μέχρι
859 4292 926 4346 ἔλθοι
943 4297 975 4343 ab
994 4293 1130 4342 editoribus
1148 4294 1200 4339 iure
1213 4298 1311 4354 recepta
1323 4299 1367 4341 est.

255 4395 281 4474 λ)
301 4399 326 4446 Si
344 4397 485 4448 coniectura
502 4413 563 4466 opus
581 4405 654 4460 esset,
673 4413 837 4468 proponerem
857 4394 906 4456 ἕως
924 4391 953 4447 ἂν
972 4393 1060 4448 πάντα.
