3192 4902
663 235 875 300 ..41-

178 409 291 470 exarsit
312 443 354 453 -
375 408 525 486 opposuit.
576 408 672 484 Igitur
702 409 886 488 Thucydidis
917 411 937 469 l.
960 409 980 468 l.
1011 401 1232 489 ύιιοιιρίνεσθιιι
1262 432 1358 485 servo,

176 519 328 575 servatum
350 512 533 588 interpretor
554 514 760 590 ,responderet

177 615 340 682 Quaerenti
369 615 421 674 ubi
451 620 604 690 praeterea
634 615 666 672 in
698 615 837 690 operibus
860 615 959 674 Attice
995 617 1169 694 conscriptis
1201 609 1356 697 ὑποκρίνε-

178 725 252 779 σθαι
285 739 339 795 prc
377 710 594 796 ἀποκρίνεσθαι
626 718 738 777 dictum
765 718 821 792 ut,
854 718 967 777 nullum
993 739 1112 795 possum
1137 720 1289 796 porrigere
1318 721 1361 779 lo-

177 841 243 883 cum
266 822 326 881 nisi
360 821 464 881 tritum
496 820 579 878 illum
602 820 831 897 Xenophontis,
864 821 1043 881 dubitationi
1074 823 1163 881 valde
1196 823 1359 883 obnoxium

178 927 345 997 Mem.I3,
366 929 397 985 1:
420 915 550 1000 φανερός
572 909 611 999 ἦν
633 920 683 982 καὶ
706 925 802 982 ποιεῖν
824 920 875 982 καὶ
896 919 988 1003 λέγων
1009 911 1087 1008 ᾗπερ
1111 916 1131 1001 ἦ
1150 923 1258 984 Πυθία
1280 917 1357 984 ύιτο-

177 1027 309 1107 κρίνεται
329 1030 392 1096 τοῖς
413 1023 546 1104 ἒροιτοῖσι
575 1026 641 1095 ιτιῖς
664 1023 712 1086 δεῖ
731 1031 826 1087 ποιεῖν
848 1020 869 1103 ἢ
890 1023 958 1104 περὶ
980 1027 1091 1097 θυσίας
1113 1021 1134 1104 ἢ
1156 1025 1223 1107 περὶ
1240 1073 1246 1086 .
1263 1072 1270 1088 .
1287 1073 1294 1088 .
1313 1021 1359 1106 ,ἡ

176 1124 233 1211 peto
252 1128 361 1189 Πυθία
383 1122 464 1210 νόμῳ
488 1123 600 1198 πόλεως
622 1122 742 1209 ιἰνοιιρεῖ
761 1131 924 1199 ποιοῦντας
947 1123 1076 1211 εὐσεβεῖς
1099 1123 1135 1190 dv
1158 1135 1263 1190 ποιεῖν.
1299 1132 1359 1191 Ηὶο

176 1242 276 1295 tamen
298 1233 439 1292 memoria
461 1233 570 1293 codicis
594 1238 619 1291 A
644 1253 822 1312 quamquam
846 1233 1001 1293 deterioris
1023 1227 1214 1312 ύιιοιιρίνεται
1237 1239 1359 1313 propter

176 1337 360 1397 simillimum
382 1336 480 1395 locum
501 1336 546 1397 IV
571 1340 599 1409 3,
625 1341 680 1396 16:
711 1329 784 1394 ὅταν
814 1355 859 1404 τις
889 1329 983 1394 αὐτόν
1011 1337 1065 1412 (sc.
1094 1329 1146 1394 τύν
1174 1334 1206 1396 ἐν
1228 1339 1359 1412 Δελφοῖς
1407 1413 1409 1420 Ι

176 1432 266 1516 θεὸν)
294 1436 427 1520 ἐπερωτᾷ
457 1439 521 1509 πῶς
544 1431 581 1496 ἂν
603 1441 666 1507 τοῖς
688 1441 773 1507 θεοῖς
794 1435 948 1516 χαρίζοιτο,
972 1432 1165 1517 ἆιτοιιρίνεται
1188 1433 1280 1522 ,νόμῳ
1303 1435 1359 1499 rni-

176 1546 269 1613 Iwue‘,
300 1541 351 1602 ubi
381 1547 508 1620 uterque
538 1543 632 1600 codex
654 1532 845 1619 ύιτοιιρίνετιιι
866 1540 998 1619 exhibet,
1021 1543 1140 1602 videtur
1162 1545 1358 1619 praeferenda

96 1647 100 1654 '
177 1666 249 1706 esse.
294 1646 381 1705 Certe
409 1645 486 1703 nihil
516 1643 639 1720 expedit
669 1663 829 1720 provocare
860 1645 897 1702 ad
924 1644 1074 1704 Herodl
1105 1651 1154 1720 91,
1179 1650 1236 1706 29:
1266 1648 1360 1704 ταῦτα

177 1744 231 1826 μὲν
260 1742 281 1824 ἡ
315 1746 421 1824 Πυθίη
451 1739 624 1826 ὑπεκρίνετο
655 1751 732 1806 τοῖσι
762 1746 901 1806 Λυδοῖσι.
953 1749 1105 1808 Herodoto
1135 1749 1215 1807 enim
1246 1749 1359 1829 ubique

177 1853 267 1912 etiam
304 1851 410 1912 invitis
447 1850 597 1911 codicibus
634 1843 853 1928 ύιτοιιρίνεσθσι
890 1853 1072 1911 reddendum
1105 1871 1168 1912 esse
1194 1853 1359 1937 Bredoyius

177 1976 207 2032 p.
232 1962 281 2015 36.
305 1975 366 2033 seq.
391 1955 615 2015 demonstravit.

176 2059 313 2119 Ionicum
342 2078 407 2117 esse
434 2049 650 2136 ύττοιιρίνεσθαι
680 2077 770 2118 sensu
799 2057 999 2134 respondendi
1029 2064 1148 2136 praeter
1173 2059 1359 2118 Herodotum

90 2143 91 2148 ἵ
177 2163 378 2239 Hippocrates
401 2161 561 2220 defractis
584 2163 642 2221 vol.
657 2161 780 2220 XXIII.
803 2181 834 2237 p.
851 2165 900 2221 81.
924 2181 953 2237 p.
970 2167 1019 2221 94.
1043 2183 1072 2240 p.
1089 2167 1138 2224 98.
1161 2167 1191 2221 et
1214 2160 1358 2220 Arrianus

177 2266 210 2323 in
232 2263 387 2341 Indicis1)
410 2269 566 2324 testantur.
610 2266 696 2324 Adde
717 2255 876 2342 ύιτύκρισις
891 2292 934 2314 =
956 2284 1129 2341 responsum
1153 2284 1191 2324 ex
1213 2264 1358 2342 Hippocr.

179 2371 216 2428 de
238 2367 326 2445 capit.
350 2367 497 2426 vulnerib.
520 2368 580 2427 vol.
604 2366 724 2430 XXIII.
747 2387 776 2443 p.
803 2367 873 2426 357.

262 2472 393 2531 Verbum
417 2463 617 2544 φονεύειν,
641 2471 720 2548 quod
742 2475 788 2529 est
811 2473 888 2546 apud
906 2471 1039 2550 Thucyd.
1058 2473 1139 2544 150,
1159 2475 1173 2529 l
1204 2470 1256 2529 III
1274 2474 1322 2543 81,
1339 2475 1358 2529 4

177 2576 238 2635 VII
262 2579 311 2647 29,
335 2579 364 2633 4.
397 2578 446 2645 85,
475 2579 486 2630 1
528 2573 606 2633 VIII
629 2577 679 2644 95,
703 2577 721 2631 6
751 2575 787 2631 ab
816 2573 935 2632 exculto
959 2573 1126 2633 Atticorum
1149 2593 1284 2632 sermone
1307 2593 1360 2650 pe-

175 2677 268 2737 destri
298 2676 427 2736 alienum
457 2695 521 2735 esse
553 2680 584 2735 et
612 2673 782 2753 ubicunque
812 2677 892 2750 apud
912 2675 1030 2735 Atticos
1061 2676 1189 2735 occurrit
1219 2695 1257 2734 ex
1288 2676 1359 2734 Iade

177 2781 307 2841 residere
337 2799 402 2838 cum
424 2778 638 2838 Rutherfcrdic
669 2778 714 2857 (in
736 2779 848 2855 Phryn.
873 2798 902 2855 p.
929 2778 990 2856 15.)
1018 2797 1072 2853 pro
1095 2783 1175 2837 certo
1198 2779 1310 2837 habeo:
1342 2799 1359 2836 a

127 2881 129 2888 ’
178 2885 302 2943 Platone
333 2882 413 2941 enim
442 2882 546 2962 (Legg.
569 2903 597 2959 p.
622 2882 691 2943 871.
716 2883 741 2940 D
775 2901 805 2957 p.
831 2882 901 2941 873.
924 2881 962 2959 Ε)
996 2874 1135 2955 φονεύειν
1163 2881 1196 2939 in
1225 2881 1359 2940 iudiciali

177 2986 311 3047 oratione
333 2985 499 3045 adhibitum
522 2988 575 3058 est,
601 3004 659 3063 qua
681 3004 769 3046 voces
785 2985 933 3045 obsoletas
951 2983 1002 3044 diu
1018 2985 1133 3044 servari
1148 3004 1233 3044 nemo
1249 2984 1358 3058 nescit;

176 3091 248 3150 item
271 3088 401 3164 priscum
423 3088 566 3166 loquendi
587 3106 699 3147 morem
722 3088 929 3163 Theopompus
952 3089 987 3148 fr.
1013 3093 1073 3146 249
1098 3089 1137 3148 M.
1161 3088 1281 3148 videtur
1298 3107 1358 3146 ser-

177 3212 271 3253 vasse.
315 3190 546 3266 Xenophontem
578 3194 693 3262 autem,
730 3190 782 3270 qui
805 3193 893 3252 Mem.
916 3193 934 3249 I
957 3196 985 3264 2,
1011 3194 1058 3249 11.
1099 3191 1166 3269 Oyr.
1189 3191 1241 3248 HI
1264 3196 1293 3262 3,
1318 3192 1358 3247 64

179 3297 239 3356 VII
257 3300 283 3368 1,
305 3299 344 3352 32
367 3286 505 3367 φονεύειν
527 3294 658 3364 exhibet,
681 3294 772 3353 verba
794 3313 811 3352 a
833 3293 950 3368 vulgari
970 3313 1025 3352 usu
1040 3300 1153 3353 remota
1168 3291 1358 3352 admiscuisse

179 3418 268 3474 supra
290 3396 428 3457 vidimus.

176 3504 225 3562 Ab
251 3502 403 3561 Herodoto
434 3501 527 3558 verba
557 3491 716 3573 φονεύειν,
753 3491 971 3573 καταφονεύειν
1003 3495 1194 3578 frequentata
1223 3517 1286 3556 esse
1320 3517 1359 3557 ex

177 3607 381 3681 exemplorum
415 3623 490 3682 quae
513 3602 777 3676 Schweighaeuser
807 3602 929 3677 collegit
958 3621 1119 3681 eorumque
1150 3620 1225 3680 quae
1255 3602 1360 3660 allatu·

177 3729 227 3767 rus
248 3727 312 3766 sum
333 3706 527 3766 multitudine
549 3724 723 3780 cognosces:
746 3705 790 3766 IV
807 3709 857 3777 64,
871 3710 900 3766 3.
925 3709 1062 3777 203,19.
1099 3705 1124 3764 V
1141 3704 1191 3777 71,
1210 3707 1236 3763 7.
1262 3703 1311 3777 77,
1329 3704 1357 3763 7.

179 3816 219 3870 οε
243 3831 270 3886 η,
294 3814 322 3869 4.
361 3813 428 3882 ron,
456 3813 492 3866 ιο
532 3808 574 3864 vr
598 3813 646 3882 ne,
670 3813 699 3866 9.
734 3811 789 3880 45,
813 3812 841 3866 4.
881 3808 971 3880 78,7
1011 3809 1070 3865 vu
1094 3807 1122 3879 7,
1147 3812 1175 3866 ε.
1211 3810 1356 3874 233‚18.

176 3917 254 3974 Item
274 3919 379 3990 poetae
401 3911 507 3986 tragici
519 3907 548 3989 2)
571 3919 601 3970 et
623 3910 822 3970 recentiorum
845 3910 1021 3988 scriptorum
1043 3930 1109 3969 cum
1132 3909 1183 3968 alii
1206 3915 1268 3967 tum
1288 3908 1359 3966 Plu-

176 4017 296 4077 terchus
318 4020 349 4076 et
370 4013 488 4074 Cassius
509 4013 567 4072 Dio
591 4034 625 4074 ea
647 4015 738 4075 verba
760 4018 867 4072 amant.

247 4167 273 4232 1)
291 4169 413 4229 Exempla
430 4182 492 4228 quac
510 4168 536 4214 in
554 4168 584 4215 ils
603 4171 700 4214 exstant
718 4167 832 4214 Bcehner
849 4181 874 4227 p.
894 4170 915 4215 7.
936 4165 1045 4226 collegit.

247 4252 273 4315 2)
290 4254 418 4315 Exemplis
435 4269 450 4301 ιι
467 4252 642 4302 Rutherfcrdic
668 4253 752 4300 allatIs
778 4252 842 4300 adde
859 4248 1027 4317 ,συμφονεύειν
1045 4251 1130 4311 Eurip.
1148 4251 1209 4297 Ηεο.
1229 4251 1276 4299 991
1304 4251 1358 4296 Ion.

179 4343 237 4390 851.
258 4341 335 4390 1045.
