3192 4902
657 199 869 282 mulir„

257 389 336 455 Plet.
359 396 451 470 Legg.
474 414 504 471 p.
523 398 594 454 903.
608 395 652 453 E:
675 386 789 454 τούτων
812 383 850 466 δὴ
871 383 964 475 ταύτη
987 384 1184 468 διεστηκότων
1206 377 1277 463 τοδς
1299 379 1353 469 μὲν

175 489 222 556 ὑπ’
250 490 353 568 α’νοῖας
376 490 450 556 ἄνευ
473 497 568 572 κακῆς
590 490 683 575 ὀργῆς
705 514 734 553 τε
756 490 808 552 καὶ
829 485 931 570 ἥθονς
952 492 1164 574 γεγενημένους
1186 493 1227 565 εἰς
1247 489 1280 554 cd
1296 512 1353 556 σω-

173 593 390 678 φρονιστήριον
413 590 430 657 δ
453 592 595 674 δικαστής
610 594 765 673 τιθέμενος
787 589 870 679 νόμῳ
885 593 1020 657 τιθέσθω
1037 593 1130 674 μηδὲν
1145 595 1263 658 ἔλαττον
1279 596 1353 658 ἐτοῖν

173 700 267 761 πέντε.
291 702 577 762 Aeschin.II.179:
599 691 674 779 δττδρ
699 687 743 759 οἷν
765 703 817 778 (sc.
833 701 892 758 τοῖν
915 701 1030 779 μικρῶν
1047 699 1188 780 παιδίων)
1212 696 1268 782 ἐγω
1289 701 1353 762 δέο-

168 828 225 888 μαι
254 803 303 864 καὶ
334 799 453 864 ἱκετεύω
477 797 588 880 πολλὴν
610 797 755 882 πρόνοιαν
777 796 964 879 ποιήσασθαι
993 801 1043 863 καὶ
1071 798 1112 881 μη
1141 808 1203 874 τοῖς
1232 802 1354 886 ἐχθροῖς

175 902 287 977 αὖτοδς
305 901 372 984 μηδ’
390 899 529 989 ἀνάνδρῳ
551 902 602 964 καὶ
625 903 783 988 γυναικείῳ
800 897 955 986 ἆνθροῖττῳ
971 899 1023 983 τὴν
1039 898 1130 986 ὄργὴν
1147 908 1353 987 παραδοῦναιε

174 1011 266 1070 miror
295 1011 374 1090 quod
395 1011 539 1069 Beuseler
569 1009 620 1069 hic
643 1000 736 1087 ὀργήν
760 1007 854 1082 ,irem‘
876 1009 1093 1087 interpretetus
1117 1015 1178 1085 est,
1210 1017 1353 1092 tauquam

173 1114 305 1173 feminae
328 1112 463 1172 adirem
486 1111 643 1190 proniores
666 1111 735 1170 sint.
783 1112 816 1169 V.
840 1111 1002 1171 Bremium.

258 1217 378 1275 Summe
399 1215 495 1290 igitur
516 1214 607 1274 huius
630 1213 845 1291 disputationis
869 1215 944 1274 hoec
967 1220 1020 1289 est,
1047 1220 1083 1275 ut
1104 1237 1209 1292 negem
1234 1219 1353 1296 Thucy·

172 1319 281 1391 didem,
304 1317 446 1398 quonism
469 1318 584 1376 duobus
608 1321 727 1376 tontum
750 1316 887 1377 tribusve
901 1317 977 1377 locis
992 1312 1070 1396 ὀργή
1085 1325 1211 1394 mature,
1226 1321 1353 1395 indoles,

172 1421 337 1496 ingenium‘
353 1422 464 1493 valeat,
488 1421 546 1479 hee
567 1439 600 1478 re
623 1419 777 1497 proprium
799 1419 880 1479 inter
903 1421 1065 1499 scriptores
1080 1422 1199 1482 Atticos
1216 1424 1353 1486 obtinere

171 1525 272 1583 locum
300 1510 339 1582 et'
362 1523 399 1581 ad
421 1521 542 1580 dicendi
564 1521 812 1581 consuetudinem
834 1523 944 1582 Jonum
966 1524 1121 1602 propriam
1145 1525 1210 1588 sive
1233 1527 1276 1588 eis
1298 1529 1354 1588 im-

173 1624 280 1704 primis
302 1623 481 1684 familiarem
504 1623 660 1684 inolinere.
1217 1617 1218 1620 ¹

259 1761 487 1823 substantivum
516 1753 695 1839 δρρωδία,
726 1761 799 1822 licet
830 1764 956 1824 verbum
988 1758 1132 1843 ὀρρωδεῖν
1162 1771 1199 1827 sb
1231 1725 1354 1846 optimis

174 1864 370 1942 scriptoribus
390 1863 501 1924 Atticis
524 1871 678 1941 receptum
702 1864 742 1924 sit
755 1864 800 1942 1),
832 1867 911 1942 epud
935 1867 1140 1946 Thucydidem
1170 1872 1265 1930 solum
1288 1855 1355 1950 per·

172 1968 291 2027 mansit.
336 1969 442 2047 Neque
466 1967 546 2026 enim
569 1989 604 2026 se
627 1986 703 2047 queo
727 1969 807 2045 apud
829 1969 1101 2048 Harpocrationem
1124 1994 1147 2032 s.
1168 1994 1196 2034 v.
1222 1968 1355 2054 ὀρρωδία
1467 2047 1469 2050 ¹

171 2070 318 2146 legimus:
350 2061 480 2147 δρρωδία
513 2064 545 2128 δὲ
573 2064 605 2128 τδ
638 2066 720 2138 δέος
752 2067 951 2147 Δημοσθένης
982 2069 1013 2130 ἒν
1043 2071 1259 2155 δημηγορικοῖς
1280 2099 1353 2159 τιρο-

120 2171 122 2176 ’
173 2172 282 2249 οιμίοις
311 2172 424 2233 nostris
454 2172 607 2233 codicibus
630 2172 872 2234 Demosthenicis
903 2175 1158 2255 confirmatore)
1190 2200 1288 2260 neque
1317 2203 1355 2242 ex

177 2297 221 2349 eo,
244 2277 322 2355 quod
345 2276 456 2335 Pollux
479 2276 514 2334 V.
541 2280 599 2334 122
630 2267 762 2352 δρρωδία
790 2276 872 2336 inter
901 2278 961 2336 elie
992 2298 1159 2358 synonyme
1191 2291 1355 2361 enumeret,

175 2383 257 2439 recte
289 2380 449 2438 concludes
475 2381 533 2438 hoc
555 2381 733 2441 vocabulum
760 2379 876 2459 pariter
898 2385 988 2461 etque
1011 2383 1065 2441 ille
1086 2384 1229 2444 usitatum
1251 2387 1354 2449 fuisse.

174 2481 328 2540 Pollucem
351 2480 429 2540 enim
455 2484 551 2543 verbe
571 2481 645 2540 trita
668 2487 699 2540 et
727 2481 852 2541 insolite
878 2485 930 2545 vel
956 2483 1048 2544 etiem
1074 2487 1235 2564 peregrine
1259 2490 1354 2550 inter-

173 2585 242 2643 dum
266 2582 436 2658 promiscuo
458 2584 571 2641 hebere
594 2588 720 2660 apparot
741 2603 766 2643 s.
791 2603 814 2646 c.
838 2604 854 2643 e
876 2585 902 2644 Ι.
919 2591 969 2646 99.
991 2587 1049 2649 ΙΧ.
1067 2595 1126 2662 23,
1149 2592 1201 2652 ubi
1224 2587 1356 2671 αἰγιαλός

173 2686 256 2745 inter
277 2684 381 2745 Attica
402 2683 596 2744 interiectum
620 2689 674 2745 est.

173 2788 212 2846 In
234 2787 389 2846 Herodoto
422 2791 453 2847 et
481 2786 656 2865 Thucydide
686 2781 819 2865 δρρωδία
849 2792 904 2849 hos
936 2795 1021 2850 tenet
1050 2792 1149 2854 locos:
1181 2795 1293 2858 Herod.
1310 2800 1355 2861 IV

178 2895 302 2963 140,16
335 2890 404 2950 VII.
431 2895 480 2964 36,
501 2895 538 2950 2ι
571 2887 601 2959 ἐς
630 2891 727 2948 ττῖιοαν
760 2882 912 2969 ἀρρωδίην
944 2884 1096 2953 οέττίκοντο.
1139 2898 1200 2958 v11
1223 2900 1292 2974 173,
1315 2908 1353 2960 22

174 2993 253 3052 VIII
275 2992 325 3066 70,
349 2999 367 3052 6
391 2994 438 3052 IX
463 2993 492 3066 7,
516 2998 567 3053 20.
595 2998 661 3067 101,
692 3000 736 3052 ll.
782 2995 876 3055 Thue.
895 2997 928 3054 ΙΙ
954 3001 1002 3070 88,
1024 3002 1054 3058 l:
1081 2999 1225 3079 Φορμίων
1248 2999 1356 3074 δεδιώς

174 3089 310 3170 τὴντῶν
333 3097 518 3172 στρατιωτῶν
542 3087 698 3174 ὀρρωδίαν.
744 3103 793 3171 89,
822 3103 853 3159 1:
887 3090 943 3157 οὐκ
974 3092 1064 3170 οἶξιοῖν
1093 3095 1129 3159 coi
1152 3096 1194 3180 μὴ
1217 3100 1299 3166 δεινοὶ
1324 3105 1356 3166 ἐν

173 3191 306 3278 ὀρρωδίᾳ
329 3194 411 3273 ἔχειν.
435 3232 476 3241 —-
500 3198 663 3277 Euripides
686 3219 721 3259 so
743 3220 815 3260 usus
831 3206 878 3261 est
892 3202 971 3262 Med.
990 3204 1060 3264 317.
1077 3206 1114 3264 D.
1129 3207 1244 3268 Phoen.
1263 3213 1354 3270 1389.

174 3302 243 3359 lon.
267 3305 339 3358 403.

260 3439 319 3496 Pro
348 3429 393 3494 ὅτι
423 3436 489 3496 sive
512 3428 553 3506 οῖς
574 3430 695 3514 τάχιστα
725 3434 800 3511 ,ὅτι
822 3462 845 3500 s.
869 3433 916 3510 οἷς
938 3435 1067 3520 τάχοςι
1097 3452 1204 3524 poetae
1218 3447 1247 3528 ³)
1270 3471 1356 3528 pree-

173 3543 248 3600 beut
269 3546 301 3600 et
315 3541 407 3600 Thuc.
425 3541 485 3600 VII
502 3544 549 3603 42.
571 3547 606 3600 3:
631 3535 764 3617 ἐβούλετο
788 3536 835 3604 δτι
857 3537 945 3620 τάχος
968 3538 1197 3625 α’ττογρήσασθαι
1220 3553 1255 3634 τῇ
1278 3574 1353 3631 κταρ-

176 3637 253 3726 ούση
278 3644 332 3701 τοῦ
355 3635 573 3721 στρατεύματος
595 3637 731 3720 ἐκπλήξει
760 3646 825 3723 (ubi
848 3666 878 3708 v.
900 3649 1069 3726 Kruoger.),
1098 3653 1211 3714 Herod.
1235 3655 1262 3718 V
1287 3662 1355 3728 106,

177 3744 234 3805 27:
256 3747 312 3804 νῦν
335 3733 378 3804 civ
401 3737 442 3816 cic
465 3738 554 3822 τοῖχος
577 3739 650 3817 ὄντες
672 3765 708 3824 με
730 3751 918 3827 πορευθῆναι
943 3747 974 3820 ἒς
995 3744 1115 3830 Ἰωνίην.
1138 3757 1187 3814 ΙΧ
1211 3758 1239 3832 7,
1262 3764 1312 3818 29.

245 4016 270 4081 1)
288 4020 317 4068 V.
338 4020 486 4068 Valckensr.
505 4021 537 4069 ed
555 4023 667 4074 Ammon.
684 4037 709 4083 p.
730 4024 771 4072 36.
789 4039 809 4071 s.

245 4120 271 4184 2)
288 4122 339 4168 Alii
364 4124 428 4171 ulios
454 4126 523 4172 locos
540 4125 583 4172 ubi
602 4127 766 4186 Harpocratio
785 4127 809 4174 in
828 4128 892 4177 libro
910 4143 955 4178 suo
975 4123 1088 4195 ὄρρωδία
1106 4133 1212 4194 legisset,
1239 4137 1357 4197 suspicati

175 4213 246 4255 suut:
265 4223 290 4254 v.
309 4206 457 4258 Valckensr.
476 4211 492 4258 l.
511 4212 527 4259 l.

244 4309 271 4380 3)
289 4310 319 4360 V.
338 4310 464 4361 Kuehuer.
483 4311 528 4361 Gr.
546 4314 591 4366 Gr.
610 4317 643 4365 11.
661 4315 676 4377 ξ
695 4313 764 4365 ³491>
785 4319 808 4368 7.
826 4331 851 4379 p.
871 4319 911 4366 26.

1156 4413 1174 4472 2
