3192 4902
698 213 909 293 Α..υ-.

212 403 266 462 113
300 394 332 460 τιί
364 394 458 459 αὐτοῦ
488 397 554 478 (τοῦ
583 357 739 478 γάλακτος)
770 363 974 477 ἐπιστάμενον.
1018 404 1067 476 94,
1088 401 1125 462 73
1156 395 1188 460 ot
1207 393 1260 477 μέν
1282 385 1386 458 αὖτοίν

212 500 369 581 ταχθέντες
398 495 522 562 ιίκόντια
551 501 617 581 τρία
650 500 758 580 έχουσι,
781 497 863 564 ίίλλοτ
885 499 982 567 δέ...
1028 494 1394 586 71,13οίέντηΕιί·

213 601 302 689 ροίπη
323 607 384 665 τῶν
409 600 551 684 Περσέων
572 603 820 680 καταλειφθέντες
842 597 903 665 35πὸ
927 603 1067 685 Δαρείου.
1101 605 1164 666 VII
1182 609 1250 678 110,
1271 611 1306 666 63
1327 600 1395 665 τυκί-
1500 688 1503 694 .

212 731 272 769 των
295 706 327 768 οί
347 703 400 784 μέν
422 701 504 786 παρὀλ
524 700 680 766 θάλασσαν
696 705 908 786 κατοικημένοι
924 757 931 772 .
947 752 955 769 .
969 752 995 781 .,
1020 705 1051 767 οί
1072 703 1104 766 δὲ
1126 699 1225 766 αὐτῶν
1237 699 1292 784 την
1309 700 1395 784 μεσό-

213 833 298 891 γαιαν
321 807 535 878 οἰκέοντες...
563 814 632 885 129,
650 817 686 870 3:
709 805 746 870 τοί
769 807 822 889 μέν
845 804 900 891 γοίρ
925 802 1018 887 αὐτῆς
1035 803 1113 890 προς
1136 803 1190 886 την
1211 804 1259 885 ἠῶ
1283 807 1394 887 έχοντα.

215 919 361 988 156,113
383 906 453 982 τούς
475 907 528 987 μέν
550 904 650 972 αὐτῶν
671 911 782 991 παχέας
804 906 946 992 πολιήτας
968 910 1098 990 ἐποίησε,
1120 907 1173 972 τον
1197 908 1229 971 δέ
1245 910 1394 990 δῆμον...

213 1019 292 1079 VIII
311 1022 336 1089 1,
359 1021 395 1075 1:
427 1012 459 1074 ολ
477 1010 509 1074 δὲ
529 1006 676 1091 Ἑλλήνων
699 1014 729 1086 ές
751 1011 803 1076 τιίν
825 1010 968 1076 ναυτικόν
989 1010 1115 1095 στρατόν
1136 1011 1294 1093 ταχθέντες
1317 1002 1395 1092 ἦσαν

213 1117 285 1198 ρ’ίδε.
310 1126 339 1197 4,
353 1123 365 1178 1
378 1141 384 1178 3
400 1114 489 1176 οἱκαὶ
506 1111 548 1177 ἐπ’
560 1113 746 1197 Ἀρτεμίσιον
759 1111 905 1196 Ἑλλήνων
920 1111 1100 1204 ἀπικόμενοι
1112 1119 1175 1197 (ubi
1185 1141 1213 1180 v.
1224 1118 1393 1196 Krueger.);

212 1225 289 1300 apud
306 1221 507 1298 Thucydidem
522 1222 596 1280 haee
610 1221 653 1297 ¹):
677 1223 692 1280 Ι
707 1227 735 1295 9,
753 1228 787 1282 2:
811 1219 843 1280 οί
857 1214 892 1279 τοί
910 1218 1078 1292 σαφέστατα
1095 1208 1346 1297 Πελοποννησίων
1361 1221 1394 1298 ²)

212 1319 312 1408 μνήμη
335 1317 417 1402 παρολ
439 1324 499 1380 τῶν
521 1317 667 1400 πρότερον
689 1322 866 1404 δεδεγμένοι,
903 1332 951 1399 25,
971 1329 1007 1385 4:
1029 1322 1080 1384 καὶ
1102 1319 1262 1404 χρημάτων
1284 1321 1315 1383 έν
1337 1322 1390 1383 δυ-

213 1422 297 1503 νάμει
319 1419 402 1494 ὅντες
424 1418 485 1483 κατ’
509 1422 622 1484 ἐκεῖνον
643 1421 695 1485 τόν
716 1423 824 1506 χρόνον
846 1420 935 1510 ἆμοίμ
958 1432 1020 1497 τοῖς
1037 1419 1182 1502 Ἑλλήνων
1202 1419 1388 1486 πλουσιωτοί-

154 1605 156 1612 y
213 1551 282 1598 τοις.
318 1532 466 1602 126,113
499 1525 530 1586 οἱ
550 1529 608 1587 των
627 1524 800 1605 Ἀθηναίων
823 1527 1062 1609 ἐπιτετραμμένοι
1084 1522 1139 1607 τὴν
1161 1521 1308 1606 φυλακήν.
1340 1531 1392 1589 III

215 1639 265 1707 22,
286 1639 322 1692 53
346 1630 376 1690 οἱ
399 1628 430 1691 έν
452 1633 488 1713 τῇ
510 1624 594 1690 πόλει
616 1633 676 1691 τοῖν
694 1634 854 1692 Πλαταιῶν
876 1626 1126 1710 ὑπολελειμμένοι.
1162 1639 1212 1706 36,
1231 1637 1266 1694 53
1289 1630 1321 1690 οἱ
1340 1625 1393 1690 ατί-

212 1739 281 1806 τοῐς.
305 1737 364 1792 τῶν
383 1726 556 1809 Ἀθηναίων
578 1730 830 1814 ξυμπράσυοντες.
856 1742 906 1810 65,
923 1743 959 1796 3:
982 1731 1140 1812 ἐβούλοντο
1163 1729 1235 1804 τούς
1256 1754 1286 1792 τε
1308 1725 1395 1809 ὑμῶν

211 1838 327 1916 χείρους
349 1832 453 1913 μηκέτι
475 1835 586 1912 μᾶλλον
607 1834 748 1916 γενέσθαι
770 1832 841 1908 τούς
864 1857 893 1896 τε
916 1830 1056 1913 ἀμείνους
1078 1831 1114 1895 τιί
1138 1831 1207 1908 τ’ίξια
1230 1833 1312 1913 ἔχειν.
1348 1838 1393 1896 IV

214 1946 313 2014 46,1;
345 1937 392 1998 έπλ
425 1933 494 2009 τούς
517 1937 548 1999 έν
570 1941 610 2022 τῷ
633 1933 696 2020 ι’ίρει
718 1942 753 2023 τῇ
772 1934 895 2025 Ἰστοίνη
920 1939 1119 2019 Κορκυραίων
1140 1935 1393 2019 καθιδρυμένους.

216 2047 326 2102 11123
358 2038 389 2101 οἱ
417 2043 475 2101 τῶν
509 2043 688 2122 Τορωναίων
711 2039 836 2102 ἔνδοθεν
866 2036 1147 2122 παρασκευάζοντες.
1183 2047 1252 2122 125,
1271 2047 1304 2102 33
1331 2045 1394 2111 τοῖς

212 2146 270 2204 τῶν
293 2143 435 2205 ἐναντίων
457 2140 586 2225 προίτοις
606 2143 877 2225 προσκεισομένοις.
911 2149 938 2209 V
957 2153 1006 2220 64,
1029 2152 1064 2206 3:
1088 2149 1150 2215 τοῖς
1173 2139 1394 2224 μένἈρκοίελων

214 2245 368 2326 σφετέροις
389 2235 457 2308 οὖσι
480 2242 652 2325 ξυμμάχοις.
687 2252 732 2312 VI
752 2256 802 2324 62,
821 2255 856 2310 53
888 2246 919 2319 ές
949 2241 1021 2318 νοτίς
1042 2250 1102 2306 τῶν
1126 2249 1256 2307 Σικελῶν
1279 2241 1393 2323 ξυμμά-

213 2372 284 2427 χους
305 2347 523 2430 περιέπλευσαν,
564 2353 613 2425 87,
628 2359 663 2414 2;
687 2355 749 2421 τοῖς
772 2345 882 2410 ένθοίδε
904 2343 990 2427 υμῶν
1014 2344 1232 2426 ἀδικουμένοις.
1272 2356 1392 2425 102,1;

183 2519 186 2526 ¹
212 2451 242 2511 οἷ
262 2447 337 2532 πρός
360 2446 413 2530 τὴν
436 2447 522 2512 πόλιν
544 2448 643 2540 αὐτων
666 2448 697 2514 τό
723 2454 841 2533 πρῶτον
864 2448 1093 2532 καταφυγόντες.
1138 2454 1214 2514 VIII
1236 2455 1285 2528 73,
1303 2460 1340 2514 6:
1364 2449 1395 2511 οί

211 2557 270 2614 τοῖν
293 2555 417 2632 Σαμίων
439 2555 579 2626 πλείονες.
615 2557 663 2632 78,
689 2561 725 2618 13
748 2554 779 2615 οἱ
800 2554 831 2617 ἐν
853 2557 889 2639 τῇ
913 2549 1039 2637 Μιλήτῳ
1062 2557 1121 2613 τῶν
1143 2554 1391 2632 Πελοποννησίων

212 2658 243 2721 έν
264 2662 306 2742 τῷ
328 2665 458 2745 ναυτικῷ
481 2664 665 2742 στρατιῶται.
705 2668 756 2737 90,
776 2668 807 2722 13
831 2660 861 2721 οἱ
875 2663 934 2720 τοῖν
950 2658 1146 2740 τετρακοσίων
1164 2652 1288 2734 μάλιστα
1307 2656 1391 2717 ἔναν-

161 2823 162 2826 ,
210 2763 268 2822 τίοι
289 2757 374 2834 ὅντες
395 2767 437 2848 τῷ
459 2758 584 2848 τοιούτῳ
608 2762 686 2824 είδει.

281 2973 304 3034 1)
323 2972 442 3019 Maiorem
460 2971 559 3031 quidem
575 2975 679 3031 partem,
698 2971 742 3018 sed
759 2983 810 3016 non
828 2969 911 3018 omniu
928 2972 1104 3029 congesserunt
1121 2967 1234 3025 Kruoger
1246 2965 1277 3012 ad
1290 2965 1390 3014 Thuc.1

213 3057 261 3121 120
280 3062 304 3106 et
321 3059 406 3117 Darpe
424 3057 480 3118 „De
498 3055 632 3104 verborum
653 3057 720 3117 apud
739 3055 908 3117 Thucydidem
926 3054 1106 3102 collocatione“
1124 3067 1147 3113 p.
1162 3053 1203 3100 25.

177 3178 180 3182 .
279 3145 305 3203 2)
323 3139 533 3205 Πελοποννησίων
557 3155 572 3188 α
596 3138 743 3206 δεδεγμένοι
768 3142 875 3201 pendere
901 3140 1012 3188 Koehler
1033 3137 1232 3188 commentatflon.
1254 3137 1340 3198 philol.
1365 3137 1390 3184 1ο

210 3229 297 3275 honor.
316 3229 430 3275 Momms.
448 3242 472 3288 p.
487 3229 543 3276 375.
564 3227 750 3276 demonstravit.
1345 3231 1349 3240 '
