3192 4902
672 259 885 326 ...27-

188 431 228 495 sit
242 434 280 512 1),
302 433 335 494 in
351 435 407 496 hac
424 434 621 513 appendicula
637 456 701 494 eam
717 455 986 495 commemoremus.
1021 434 1076 494 nst
1098 431 1177 492 onim
1200 428 1238 503 ἒς
1260 423 1277 492 ii
1300 451 1370 492 oon-

187 538 301 598 iunotio
324 544 441 614 tempus
464 544 569 597 notans
586 539 613 598 V
629 544 678 610 66,
696 543 729 597 2ι
753 530 878 614 μάλιστα
901 532 932 596 δὲ
955 530 1189 611 Λακεδαιμόνιοι
1213 533 1243 605 ἐς
1265 529 1282 594 ii
1305 531 1370 611 ἐμέ-

190 661 300 716 μνηντο
333 637 364 699 ἐν
393 634 488 722 τούτῳ
514 641 556 722 τῷ
578 641 670 720 καιρῷ
695 634 945 718 ἐξεπλάγησανῖ).
989 640 1133 699 Herodoti
1157 639 1236 699 locos
1262 637 1369 698 Struve

189 743 413 818 ,Quaestionum
436 744 472 803 de
495 743 624 802 dialecto
640 742 787 804 Herodoti
809 743 930 820 specim.
946 743 983 804 I.‘
1005 761 1105 819 opusc.
1122 743 1164 802 II.
1180 763 1208 818 p.
1229 746 1332 801 3136
1345 762 1370 803 s.

190 847 309 922 egregia
332 867 398 907 cum
420 846 567 907 industria
588 846 719 922 collegit.

660 1136 680 1222 6
702 1135 737 1201 4.
782 1137 902 1205 verba·
1021 1099 1023 1103 ι

275 1275 399 1336 Initium
422 1274 572 1352 capiamus
588 1278 624 1335 ab
640 1267 913 1334 ἀπανιστάναι
935 1274 955 1334 i.
973 1297 999 1335 e.
1016 1278 1199 1347 submovere,
1216 1276 1372 1351 abducere,

191 1384 222 1440 ot
244 1371 557 1448 ἀπανίστασθαι,
582 1369 857 1454 ἀπαναστῆναι
879 1379 900 1439 i.
924 1399 949 1438 e.
972 1378 1126 1454 emigrare,
1151 1378 1318 1437 abscedere.

187 1491 402 1558 Ἀπανιστάναι
424 1501 557 1586 obfertur
579 1499 690 1558 Herod.
714 1498 764 1556 111
792 1504 860 1571 156,
887 1504 920 1558 11
954 1501 1000 1560 IV
1018 1504 1088 1571 133,
1108 1504 1163 1571 10,
1198 1496 1249 1556 ubi
1272 1502 1370 1557 tamen

193 1601 330 1660 meliores
352 1600 422 1659 libri
446 1591 660 1675 ἀπονοστήσειν
683 1601 842 1675 exhibent3
865 1601 956 1662 Thua.
980 1602 1013 1660 II
1037 1603 1087 1674 70,
1113 1605 1137 1660 1.

188 1713 422 1779 Ἀνανίστασθαι
444 1727 474 1780 et
496 1711 701 1796 ἀπαναστῆναι
724 1727 883 1782 occurrunt
905 1723 1016 1781 Herod.
1038 1723 1082 1782 VI
1098 1726 1147 1794 46,
1165 1721 1181 1779 7
1206 1721 1252 1778 IX
1270 1725 1319 1792 86,
1344 1726 1372 1781 6.

195 1824 244 1898 ar,
261 1829 289 1897 4,
319 1824 409 1882 Thur.
425 1825 442 1882 1
458 1829 486 1896 a,
507 1829 531 1884 1.
566 1828 614 1897 ar,
631 1828 659 1883 4.
698 1829 766 1896 139,
785 1829 812 1884 1.
854 1828 923 1896 140,
941 1830 969 1883 a.
1003 1825 1064 1883 VH
1088 1828 1136 1895 48,
1161 1830 1190 1882 a.
1221 1828 1271 1895 ιο,
1299 1828 1310 1881 1
1342 1830 1374 1881 et

193 1928 271 2003 apud
292 1926 366 1986 alios
389 1926 440 2006 qui
462 1926 627 1987 recentiore
642 1933 738 1988 aetate
758 1927 901 1987 vixerunt
915 1927 1091 2004 scriptores:
1113 1928 1151 1986 cf.
1167 1926 1371 1986 Grundmann.

192 2051 221 2106 p.
247 2030 296 2090 73.

277 2149 475 2229 Subsequitur
498 2142 803 2229 ἀπογίγνεσθαι
826 2150 929 2211 valens
952 2149 1095 2224 ,morit

191 2271 258 2329 Hoc
274 2272 398 2330 verbum
418 2291 435 2329 a
450 2269 625 2348 Thucydide
643 2270 708 2330 sive
728 2291 745 2329 a
765 2270 940 2348 Thucydide
961 2276 991 2330 et
1006 2269 1194 2346 Antiphonte
1215 2268 1267 2328 illo
1284 2289 1373 2329 sensu

193 2378 367 2448 usurpatum
388 2393 452 2432 esse
469 2373 676 2449 lexicographi
697 2378 815 2433 veteres
829 2372 1035 2433 Antiattioista
1056 2371 1089 2431 in
1104 2372 1197 2432 Bekk.
1220 2372 1322 2431 anecd.
1345 2372 1372 2432 Ι.

193 2495 223 2552 p.
240 2475 376 2548 82.,alius
399 2475 518 2554 quidam
540 2475 613 2535 ibid.
636 2496 665 2551 p.
683 2480 754 2534 419.
777 2495 805 2535 v.
831 2480 888 2550 19,
911 2475 993 2536 Suid.
1015 2494 1037 2532 s.
1060 2495 1090 2536 v.
1112 2495 1141 2537 v.
1164 2466 1320 2553 ἀπεγένετο
1343 2481 1374 2535 ct

192 2570 405 2656 ἀπογενέσθαι,
417 2578 544 2637 Zonaras
556 2579 685 2640 tradunt.
706 2581 808 2656 Atque
819 2578 1006 2656 Thucydides
1018 2598 1119 2638 eorum
1136 2577 1372 2637 observationem

193 2680 383 2754 locis1134,
401 2687 437 2740 2:
459 2678 495 2738 τά
518 2675 570 2756 μὲν
593 2673 666 2740 σ’στᾶ
687 2679 878 2759 προτίθενται
902 2682 962 2739 τῶν
977 2672 1203 2759 ἀπογενομένων
1219 2673 1371 2759 πρότριτα.

195 2788 242 2857 51,
268 2788 302 2842 5:
334 2779 384 2841 καὶ
414 2776 466 2853 τάς
497 2774 675 2861 ὀλοφύρσεις
705 2783 764 2842 τῶν
795 2775 1037 2862 ἀπογιγνομένων
1057 2781 1247 2852 τελευτῶντες
1269 2778 1318 2841 καὶ
1342 2781 1374 2841 οἱ

193 2882 298 2944 οἰκεῖοι
326 2882 494 2961 ἐξέκαμνον.
541 2887 568 2946 V
592 2888 640 2960 74,
673 2893 706 2947 3:
738 2884 987 2962 Λακεδαιμονίαν
1018 2880 1051 2944 δὲ
1080 2882 1113 2944 οἱ
1141 2880 1195 2961 μὲν
1225 2877 1371 2962 ξύμμαχοι

191 2981 249 3048 σιἰιι
271 2982 514 3068 ἐταλαιπώρησαν
538 2982 612 3049 aiore
639 2986 690 3048 καὶ
713 2981 870 3069 ἀξιόλογόν
892 3011 920 3048 τι
942 2981 1144 3068 ἀπογενέσθαι
1157 2988 1186 3066 ³)
1208 2989 1371 3061 confirmat,

189 3091 335 3170 Antipho,
364 3113 451 3171 quem
474 3092 594 3174 quidem
617 3093 760 3168 noverim,
784 3113 844 3153 non
866 3093 991 3168 item4).
1036 3091 1151 3153 Osterio
1174 3112 1294 3172 quoque
1317 3096 1371 3152 At·

192 3193 259 3254 ticis
281 3195 355 3254 haee
377 3195 515 3255 vocabuli
537 3195 584 3256 vis
605 3195 750 3256 inusitata
772 3202 826 3256 est.
870 3197 976 3274 Neque
999 3195 1078 3254 enim
1101 3195 1312 3271 Wyttenbach.
1338 3193 1371 3252 in

191 3296 381 3356 adnotatione
403 3298 441 3355 ad
463 3297 542 3357 Plut.
564 3299 670 3360 Moral.
694 3321 723 3377 p.
743 3304 811 3358 109.
836 3299 860 3356 F
884 3318 944 3358 non
967 3297 1079 3368 erravit
1100 3303 1182 3358 ratus
1200 3299 1279 3374 apud
1294 3297 1371 3356 Plat.

192 3419 222 3476 p.
246 3403 316 3458 651.
342 3398 413 3460 edit.
436 3400 530 3474 Lugd.
554 3427 597 3450 =
619 3402 708 3477 Legg.
731 3423 760 3478 p.
785 3408 844 3461 350
871 3403 901 3458 Α
929 3401 999 3461 edit.
1027 3402 1130 3478 Steph.
1154 3394 1372 3479 ἀπογίγνεσθαι

192 3521 255 3561 esse
278 3501 413 3579 ,perire‘3
437 3523 491 3563 nec
513 3508 587 3580 puto
610 3524 788 3584 quemquam
811 3507 849 3565 ad
871 3505 967 3580 legem
989 3503 1071 3563 iliam
1094 3508 1126 3562 in
1149 3505 1297 3564 Ps.-Dem.
1321 3508 1372 3575 43,

193 3604 231 3663 67
255 3611 487 3682 provocaturum
509 3626 589 3680 esse,
621 3607 762 3685 quoniam
783 3609 883 3684 legum
905 3626 1040 3668 sermone
1062 3607 1226 3688 antiquitas
1247 3613 1299 3668 eut
1320 3606 1371 3666 diu

262 3843 287 3906 l)
304 3845 334 3893 V.
352 3845 479 3893 Kuehner.
498 3846 542 3893 Gr.
556 3845 599 3894 Gr.
618 3847 651 3892 Π.
670 3847 755 3908 §odd
776 3849 798 3895 1.
818 3861 838 3893 o.
857 3861 882 3906 p.
895 3848 953 3894 949.
988 3847 1109 3907 Kruegor.
1129 3846 1172 3896 Gr.
1186 3847 1229 3895 Gr.
1249 3846 1282 3892 11.
1300 3847 1315 3906 ξ
1330 3844 1371 3893 54.

193 3933 233 3979 16.
251 3933 291 3990 7.,
309 3931 340 3978 sd
358 3932 434 3979 Thuc.
453 3933 475 3978 V
495 3934 535 3981 66.
570 3934 638 3982 Bast.
658 3938 682 3980 ot
699 3933 778 3981 Koon.
798 3934 830 3980 ad
848 3933 951 3992 (ἕτερον.
972 3932 1081 3980 Corinth.
1100 3948 1126 3993 p.
1145 3933 1203 3981 472.
1224 3931 1321 3980 Sobaef.

261 4013 287 4082 2)
305 4017 343 4064 De
361 4018 409 4064 loci
427 4018 550 4066 sententia
567 4017 666 4078 optimo,
685 4024 712 4065 ut
729 4019 800 4078 solet,
818 4018 932 4066 disseruit
950 4019 1027 4066 Stahl.

261 4099 287 4165 3)
305 4102 386 4150 Minus
411 4108 476 4151 recte
503 4117 518 4150 ι
539 4104 721 4164 lexicographis
745 4105 794 4152 huc
819 4105 924 4152 retertur
951 4104 1028 4151 Thur.
1046 4105 1071 4151 ΙΙ
1089 4106 1130 4161 98,
1150 4108 1180 4153 3:
1208 4099 1369 4167 πορευομένῳ

193 4181 265 4254 αὐτῷ
281 4178 429 4251 ἀπεγῑγιετο
454 4184 499 4252 μὲν
518 4181 652 4241 οὐδὲντοῦ
672 4187 779 4254 στρατοῦ
806 4189 832 4254 (1.
851 4205 872 4237 e.
891 4191 960 4237 nulla
978 4189 1044 4237 facta
1061 4193 1099 4238 est
1115 4189 1221 4249 iactura)
1251 4184 1273 4238 εἰ
1291 4181 1330 4255 μή
1348 4203 1372 4244 τι

189 4267 269 4336 νόσῳ,
287 4269 449 4337 προσεγένετο
466 4271 503 4325 δέ.

262 4359 289 4424 4)
307 4357 363 4406 Uno
380 4359 425 4405 illo
442 4361 496 4408 loco
515 4375 563 4430 quo
581 4361 687 4410 occurrit
705 4362 719 4408 2
737 4376 754 4434 γ
772 4363 787 4410 6
806 4361 910 4424 ‚obesso‘
929 4361 1003 4416 valet.
